3025 5400
209 614 356 687 abrogari,
383 629 535 686 eorumque
558 630 639 672 usum
661 613 691 671 in
715 612 1076 690 alebauoeeeiissarum
1093 611 1225 672 interdici
1238 610 1383 684 iussimus,

210 686 266 743 nisi
277 685 531 759 adpraescriptnm
548 684 719 757 exemplaris
736 683 788 742 sub
807 685 868 757 ips⁰
878 671 930 765 Pio
939 683 972 742 V.
991 685 1061 742 editi
1078 685 1187 755 integre
1205 683 1234 739 in
1252 679 1383 765 oninibus

210 755 438 813 emendarentur:
457 753 558 812 deinde
577 754 773 812 mandavimus
790 743 934 813 nonnullis
952 753 1160 812 venerabilibus
1177 751 1314 810 fratribus
1332 768 1383 808 no·

210 826 278 883 stris
299 824 326 883 S.
345 825 379 882 R.
400 825 434 882 h.
452 824 652 882 cardinalibus
671 826 700 881 in
721 825 809 883 sacris
831 824 935 883 litteris
957 825 1090 895 versatis,
1113 830 1142 881 et
1165 822 1383 880 Ecclesiasticae

209 896 388 967 antiquitatis
430 896 527 964 critis,
555 901 588 952 nt
606 910 702 951 curam
720 894 837 953 Missale
854 894 891 950 ad
916 895 1078 966 pristinam,
1102 901 1131 951 et
1154 910 1238 965 quain
1261 893 1383 949 maxime

210 965 387 1023 emendatam
410 912 530 1021 formam
553 963 720 1022 restituendi
742 966 931 1037 susciperent3
955 965 1002 1036 qui
1025 982 1077 1037 pro
1096 979 1147 1021 sua
1165 979 1231 1035 erga
1248 979 1299 1020 nos
1318 960 1382 1029 fide,

210 1042 238 1092 et
256 1037 285 1093 in
304 1035 461 1092 Romanam
480 1033 635 1091 Ecclesiam
654 1035 760 1106 pietate
777 1039 807 1091 et
826 1033 927 1097 studio,
949 1034 1085 1092 adhibitis
1102 1035 1187 1091 etiam
1205 1033 1269 1090 aliis
1286 1048 1382 1089 rerum

213 1105 472 1163 Ecclesiasticarum
490 1104 598 1177 peritis,
618 1110 647 1160 ot
665 1104 784 1161 eruditis
802 1105 880 1172 viris,
903 1112 931 1161 et
948 1103 1092 1162 veteribus
1109 1102 1280 1164 Missilibus,
1305 1102 1383 1159 eliis-

210 1192 264 1246 que
282 1182 431 1247 praeterea
448 1172 539 1237 libris,
557 1175 605 1245 qui
624 1173 660 1231 ed
678 1190 739 1231 eam
753 1191 813 1231 reni
824 1192 861 1246 op
898 1176 976 1231 ituni
987 1173 1163 1244 edebantur,
1181 1179 1310 1230 accurate
1319 1188 1384 1244 per·

211 1245 323 1315 quisitis
340 1249 369 1303 ct
387 1242 539 1315 diligenter
556 1245 704 1315 inspectis,
727 1244 844 1301 Missale
889 1260 1019 1301 ommium
1039 1260 1106 1302 suae
1124 1243 1281 1314 integritati
1299 1242 1383 1299 resti·

210 1321 305 1384 tuere,
329 1330 361 1371 ac
379 1315 468 1386 ipsius
492 1313 535 1371 Pii
554 1312 588 1371 V.
607 1320 749 1372 eteorum
770 1316 818 1441 <kei
837 1313 873 1370 ab
893 1329 926 1371 eo
946 1313 1046 1371 delecti
1065 1313 1185 1381 fuerant,
1209 1312 1333 1370 laborem
1354 1317 1384 1368 et

211 1383 387 1455 diligentiam
405 1381 584 1453 mnfirmare,
608 1390 636 1441 et
659 1399 721 1440 com
733 1401 774 1440 iro
795 1400 844 1441 are
863 1391 1006 1441 curarunt.
1042 1383 1146 1440 Verum
1165 1383 1194 1439 in
1213 1399 1246 1439 eo
1266 1397 1384 1438 munere

231 1452 370 1525 erigendo
388 1452 493 1512 fadum
510 1459 552 1511 est
582 1459 614 1509 ut
630 1469 726 1510 norme
738 1454 766 1509 la
780 1470 814 1510 ex
833 1453 961 1525 diligenti
980 1452 1117 1511 librorum
1132 1453 1311 1523 antiquorum
1326 1451 1383 1508 col-

210 1472 320 1581 fatione
338 1525 366 1580 in
385 1523 530 1581 meliorem
549 1496 669 1580 iormam
692 1523 820 1593 redacta,
845 1530 872 1581 et
898 1525 925 1579 in
949 1524 1053 1594 regulis
1091 1531 1119 1580 et
1143 1521 1264 1579 rubricis
1287 1522 1384 1592 aliqua

210 1594 339 1663 uberim,
363 1600 392 1651 et
414 1592 518 1651 clarius
537 1608 669 1664 expressa
685 1594 754 1661 sint,
778 1610 850 1665 quae
868 1601 960 1651 tamen
980 1610 1014 1649 ex
1033 1568 1146 1650 iliorum
1170 1590 1328 1665 principiis,
1354 1597 1384 1648 et

210 1660 398 1721 fundamentis
421 1664 500 1735 quasi
520 1661 652 1727 deducta,
682 1662 796 1720 illorum
821 1680 931 1720 sonsum
951 1664 1057 1721 imitari
1075 1664 1177 1745 potina
1195 1669 1225 1718 et
1243 1661 1383 1788 εἳὶῳίετο,

210 1748 294 1805 qaam
311 1732 419 1805 aliquid
436 1733 503 1790 novi
521 1731 622 1789 aliems
640 1731 796 1790 videantur.
832 1733 947 1790 blissale
965 1735 1059 1857 imaue
1077 1732 1152 1803 quod
1171 1732 1244 1789 idem
1286 1732 1330 1788 ius
1349 1729 1382 1788 V.

211 1802 346 1863 ediderat.
365 1803 406 1860 sic
422 1804 605 1874 recognitum,
624 1803 653 1858 in
671 1808 769 1860 nostra
782 1802 981 1876 Typographia
1025 1804 1136 1860 aticana
1153 1819 1236 1873 quam
1253 1799 1383 1858 emenda·

211 1874 317 1931 tissime
326 1873 459 1944 imprimi,
478 1880 506 1930 et
516 1872 553 1929 ad
563 1888 737 1930 communem
755 1873 908 1930 utilitatem
945 1872 1064 1930 ablicaii
1079 1873 1221 1943 jussimus.
1240 1871 1280 1929 Ut
1288 1877 1383 1929 autem

211 1943 288 2000 illius
307 1960 373 2001 usus
392 1945 420 1999 in
440 1941 569 1999 omnibus
588 1941 743 1999 Christiani
763 1942 839 2000 orbis
867 1950 931 1999 iarn
953 1961 999 2013 ns,
1023 1944 1166 2015 perpetuis
1191 1940 1293 1998 futuris
1313 1949 1383 1998 tein-

211 2012 328 2085 poribes
346 2020 536 2081 conservetur,
556 2013 645 2084 ipsum
656 2011 773 2069 blissale
792 2014 820 2069 hi
839 2029 913 2069 ama
923 2012 1002 2070 Urbe
1019 2020 1116 2070 nostra
1134 2013 1162 2069 in
1181 2011 1277 2068 eadem
1290 2011 1383 2083 Tvpo·

211 2083 330 2155 graphia
351 2088 474 2152 tantem,
500 2089 529 2139 et
551 2099 607 2139 non
626 2080 695 2138 alibi
715 2082 837 2154 imprimi
859 2099 939 2208 Kassa
957 2082 1145 2140 decernimus:
1169 2089 1250 2138 entra
1275 2069 1383 2139 Urbem

212 2168 279 2211 vero
300 2153 383 2223 juxte
405 2152 548 2225 exemplar
569 2154 597 2208 in
618 2152 692 2208 dicta
708 2152 858 2223 Typograp
880 2154 908 2209 ia
925 2169 1001 2209 mino
1018 2152 1138 2222 editum,
1161 2157 1189 2209 et
1211 2168 1266 2209 non
1291 2151 1383 2221 aliter,

212 2222 264 2279 bae
283 2222 343 2293 lege
361 2223 485 2279 iiiiirimi
508 2238 589 2304 posse
614 2223 802 2294 permittimus
841 2228 872 2278 ut
895 2223 1027 2279 nimirum
1052 2221 1247 2295 Typographis
1270 2220 1384 2291 quibus·

213 2308 330 2363 cumque
347 2241 418 2349 iilud
436 2293 597 2364 imprimere
607 2290 767 2349 volentibus
792 2268 821 2349 id
831 2290 923 2350 iacere
932 2292 1029 2362 liceat3
1047 2293 1284 2365 requisitatamen
1295 2292 1385 2364 peries,

212 2369 241 2420 et
260 2364 288 2419 in
307 2362 419 2443 scriptis
437 2360 553 2420 obtenta
571 2361 736 2420 dilectorum
755 2337 878 2419 tiliorum
898 2363 1097 2434 Inquisitorem
1113 2362 1271 2420 haereticae
1290 2361 1385 2443 pravi-

212 2433 279 2490 tatis
304 2433 333 2488 iii
356 2433 391 2488 iis
416 2432 485 2489 locis
509 2432 538 2489 in
556 2430 657 2503 quibus
675 2430 794 2500 fuerint;
821 2430 869 2488 nbi
882 2449 950 2490 vero
964 2450 1020 2490 non
1035 2432 1150 2502 luerint,
1168 2431 1384 2489 Ordinariorum

213 2503 339 2559 lemnum
363 2503 490 2567 licentia3
515 2503 640 2573 alioquin
663 2503 687 2559 si
710 2501 815 2585 absque
835 2503 994 2574 hujusmodi
1013 2503 1128 2560 licentia
1146 2502 1249 2559 dictum
1267 2500 1386 2558 blissale

213 2571 265 2630 sub
284 2588 457 2643 quacumque
476 2570 566 2629 forma
583 2571 617 2627 de
637 2577 748 2629 caetero
767 2573 821 2644 ipsi
845 2574 882 2629 im
903 2574 1018 2642 minere,
1043 2579 1093 2630 aet
1116 2571 1292 2643 Bibliopolas
1317 2587 1385 2627 ven·

213 2641 279 2699 dero
298 2642 545 2715 praesumpserint,
569 2641 759 2716 Typograplii.
782 2650 811 2699 et
829 2591 1005 2715 Bibfiopolae
1025 2650 1106 2700 extra
1127 2642 1237 2699 Statum
1256 2647 1385 2698 noenum

214 2712 440 2770 Ecclesiasticem
459 2713 619 2782 existentes,
637 2713 933 2771 excommunicationis
951 2713 1025 2771 latae
1039 2714 1203 2782 sententiae,
1221 2728 1310 2784 aqua,
1329 2712 1387 2768 nisi

213 2783 376 2840 eRomano
396 2780 545 2848 Pontifice,
572 2790 769 2854 praeterquam
787 2784 815 2840 in
835 2786 934 2841 mortis
950 2784 1071 2841 articulo
1092 2784 1250 2852 einstitnti‚
1274 2781 1386 2839 absolvi

213 2858 366 2924 nequeant:
385 2854 413 2909 in
434 2853 508 2909 alma
525 2868 592 2908 vero
612 2852 699 2923 Urbe,
717 2869 750 2912 ac
766 2852 819 2911 reli
840 2870 875 2910 uo
894 2853 976 2912 Statu
996 2854 1192 2911 Ecclesiastico
1211 2867 1387 2909 commoran-

151 2961 154 2966 -
212 2929 255 2980 tos
274 2923 490 2995 quingentorum
508 2921 672 2979 ducatorem
691 2925 753 2980 aeri
773 2922 807 2980 de
821 2871 951 2994 Quinem
969 2941 1002 2980 ac
1019 2924 1180 2981 amissionis
1192 2922 1338 2988 librorum,
1357 2927 1388 2979 et

213 2998 345 3064 tvporum
362 2994 487 3050 omniurn
505 2991 638 3049 Gamerae
656 2993 817 3065 praedictae
834 2993 1065 3066 applicandorum
1083 3010 1187 3075 poenas
1205 2993 1309 3064 absque
1329 2991 1387 3048 alia

214 3052 406 3120 declaratione
429 3061 664 3119 iireniissibiliter
682 3065 829 3120 incurrant
849 3080 881 3120 eo
900 3064 971 3120 iiso.
1007 3064 1046 3121 ht
1069 3064 1253 3120 nihilominus
1276 3078 1387 3119 eorum·

214 3131 277 3189 deni
295 3133 454 3189 Missalium
483 3149 523 3188 ier
540 3148 587 3189 eos
605 3132 640 3190 de
659 3139 769 3190 caetero
788 3133 893 3205 absque
911 3082 1073 3205 hujusmodi
1092 3134 1206 3190 licentia
1224 3133 1387 3204 imprimen-

214 3201 322 3272 dorum,
344 3210 394 3260 aut
411 3151 620 3259 vendendorum
639 3220 719 3260 nsum
738 3202 842 3274 ubique
861 3204 998 3271 locorum,
1023 3209 1051 3259 et
1068 3205 1192 3273 gentium
1211 3201 1262 3259 sub
1281 3202 1387 3259 eisdem

214 3273 312 3343 poenis
342 3278 467 3344 ›erpetiio
485 3272 694 3343 interdicimus,
719 3280 748 3330 et
790 3273 958 3330 iuhibemus.
995 3274 1053 3345 Ipsi
1076 3280 1171 3330 autent
1195 3273 1386 3343 inquisitores,

213 3357 263 3398 sen
281 3290 426 3399 Ordinarii
445 3342 577 3412 locorum
599 3349 749 3414 ant-equam
767 3291 925 3415 iinjusmodi
943 3344 1084 3400 licentiam
1104 3343 1266 3406 coiicodaiit
1285 3343 1388 3399 Missa·

215 3410 253 3467 lia
270 3409 306 3467 ab
325 3413 394 3484 ipsis
402 3412 597 3485 'l'vpiigmpbis
614 3413 808 3485 imprimenda,
828 3423 855 3471 et
873 3421 1021 3485 postquam
1040 3414 1176 3485 impressa
1190 3413 1305 3472 luerint
1324 3428 1386 3468 cum

215 3481 388 3539 hocblissali
408 3483 686 3540 auctoritatcnostra
703 3484 856 3554 recognito.
875 3491 903 3542 et
920 3500 994 3540 nnnc
1011 3484 1155 3554 impresso,
1174 3483 1387 3553 diligentissime

214 3551 370 3616 conferant,
394 3568 446 3609 nec
463 3554 491 3609 iii
511 3551 568 3608 illis
587 3553 694 3642 aliquid
710 3553 776 3609 addi
795 3554 839 3609 vel
858 3553 968 3611 detrahi
987 3554 1166 3625 permittant,
1188 3569 1241 3609 nec
1258 3554 1287 3609 iii
1306 3569 1387 3624 prae-

215 3622 308 3679 missis
320 3629 475 3748 limietextu
494 3622 620 3678 incuriae
643 3622 903 3748 lypograpbornm,
922 3630 1047 3680 autnon
1067 3621 1158 3682 iactae
1177 3641 1228 3696 per
1246 3630 1387 3680 correcto·

214 3707 269 3762 res,
286 3707 320 3748 ve
349 3692 420 3749 alios
437 3708 470 3748 ac
487 3692 555 3762 ipsis
575 3691 694 3749 t'oisitan
732 3693 888 3765 epulandos
905 3693 1075 3764 diligentiae,
1094 3711 1123 3750 se
1137 3694 1233 3765 aliquo
1247 3691 1330 3749 modo
1341 3708 1388 3748 ex·

215 3777 324 3824 cesare,
342 3761 472 3833 quodque
489 3763 518 3817 in
537 3761 732 3835 infrascriptos
744 3779 849 3835 poenas
864 3780 920 3821 non
934 3764 1115 3825 incurrerint..
1134 3764 1258 3834 allegare
1267 3762 1388 3825 valeant

216 3837 245 3887 et
263 3832 292 3887 in
311 3832 373 3903 ipsa
391 3832 506 3888 licentia
524 3832 656 3903 originali
674 3832 709 3889 de
729 3833 881 3891 collatione
899 3833 981 3902 lacta,
1002 3841 1030 3891 et
1048 3830 1123 3906 quod
1141 3835 1256 3891 omnino
1273 3848 1388 3890 concor·

216 3901 292 3971 dent,
310 3918 394 3958 manu
413 3902 529 3983 propria
546 3909 729 3960 attestentur:
748 3904 827 3974 cujus
845 3905 976 3961 licentiae
994 3905 1075 3975 copia
1094 3905 1184 3971 initio,
1201 3904 1246 3959 vel
1265 3904 1294 3959 in
1313 3902 1389 3959 ealce

217 3972 350 4042 cujusque
367 3971 492 4029 blissalis
510 3988 620 4044 semper
638 3974 826 4045 imprimatur.
863 3973 944 4045 Quod
962 3975 985 4031 si
1010 3990 1088 4031 seces
1111 3973 1237 4043 iecerint,
1267 3973 1389 4098 Inquisi-

198 4047 293 4112 ‚tores
312 4040 443 4099 videlicet
461 4041 631 4114 privationis
649 4060 763 4100 suorum
782 4043 947 4114 officiorum,
971 4059 1005 4101 ac
1022 4043 1211 4101 inhabilitatis
1229 4043 1266 4101 ad
1283 4043 1304 4099 il
1317 4060 1342 4112 a,
1361 4049 1389 4100 et

216 4111 273 4168 alia
289 4111 318 4167 in
338 4117 481 4183 posterum
501 4109 667 4179 obtinenda:
690 4114 843 4172 antistites
861 4121 968 4182 aetem,
992 4119 1020 4171 et
1037 4113 1181 4171 Ordinarii
1201 4113 1326 4170 locomm
1344 4130 1389 4168 se·

216 4181 374 4253 spensionis
393 4198 411 4238 a
429 4181 541 4252 divinis,
559 4199 593 4239 ac
610 4183 754 4241 interdicti
774 4183 811 4240 ab
828 4186 956 4255 ingressu
970 4184 1125 4249 Ecclesiae:
1146 4200 1244 4240 eornm
1257 4200 1325 4239 voro
1341 4182 1389 4238 Vi·

216 4251 294 4314 eeiii,
312 4251 481 4322 privationis
499 4253 630 4310 similiter
646 4253 811 4316 officiorum,
829 4262 855 4312 ot
876 4253 1075 4312 beneficiorum
1092 4271 1216 4322 suorum,
1234 4260 1262 4311 et
1280 4251 1390 4309 inhabi-

218 4320 307 4377 litatis
325 4320 361 4377 ad
380 4322 443 4384 illa,
466 4327 494 4378 et
512 4323 570 4379 alia
587 4324 616 4379 in
634 4331 778 4394 posterum
797 4324 964 4394 obtinenda,
982 4341 1015 4381 ac
1034 4332 1182 4397 praeterea
1200 4322 1389 4380 excommuni-

217 4390 336 4447 cationis
354 4389 460 4463 absque
478 4392 535 4448 alia
553 4392 752 4454 declaratione.
772 4402 803 4452 nt
816 4395 983 4467 praefertur.
1002 4411 1107 4467 poenas
1118 4393 1389 4465 incurranteoipso.

217 4461 366 4518 Caeterum
381 4461 749 4587 Jlranperemllcelesiarum,
769 4464 950 4535 clericorum,
970 4471 999 4521 ot
1016 4481 1198 4536 personarum
1211 4464 1390 4520 Ecclesiasti-

216 4545 383 4612 ciirumpac¹
404 4532 641 4604 ‚vpographorum
660 4533 922 4607 etBibliopolarnm
942 4551 1124 4606 qnorunicum
1145 4551 1179 4590 ee
1197 4533 1390 4592 indemnitatis

210 4617 252 4678 'err
272 4601 446 4669 benignitate
463 4601 629 4674 apostolica
651 4605 791 4661 rationein
810 4605 961 4668 babentes,
983 4604 1087 4662 eisdem
1140 4605 1236 4662 issalia
1254 4603 1390 4661 hactenus

199 4681 344 4734 impressa
358 4685 453 4740 penes
468 4687 501 4729 se
516 4671 691 4734 habentibus
711 4675 760 4746 (iis
778 4673 926 4735 demeret
942 4676 1068 4749 exceptis
1076 4691 1148 4747 quae
1158 4673 1328 4733 anctoritate
1339 4690 1391 4732 no

797 4767 810 4806 s
