<?xml version="1.0" encoding="UTF-8"?>
<!DOCTYPE html PUBLIC "-//W3C//DTD XHTML 1.0 Transitional//EN"
    "http://www.w3.org/TR/xhtml1/DTD/xhtml1-transitional.dtd">
<html xmlns="http://www.w3.org/1999/xhtml" xml:lang="en" lang="en">
 <head>
  <title>
</title>
<meta http-equiv="Content-Type" content="text/html;charset=utf-8" />
  <meta name='ocr-system' content='tesseract 3.04.00' />
  <meta name='ocr-capabilities' content='ocr_page ocr_carea ocr_par ocr_line ocrx_word'/>
</head>
<body>
  <div class='ocr_page' id='page_1' title='image "./missaleromanume00churgoog_0117.png"; bbox 0 0 3025 5400; ppageno 0'>
   <div class='ocr_carea' id='block_1_1' title="bbox 210 525 988 609">
    <p class='ocr_par' dir='ltr' id='par_1_1' title="bbox 210 525 988 609">
     <span class='ocr_line' id='line_1_1' title="bbox 210 525 988 609; baseline 0.008 -25"><span class='ocrx_word' id='word_1_1' title='bbox 210 526 252 593; x_wconf 84' lang='lat'>32</span> <span class='ocrx_word' id='word_1_2' title='bbox 612 526 644 588; x_wconf 90' lang='lat' dir='ltr'>ln</span> <span class='ocrx_word' id='word_1_3' title='bbox 667 525 782 607; x_wconf 74' lang='lat' dir='ltr'>vigilia</span> <span class='ocrx_word' id='word_1_4' title='bbox 804 526 988 609; x_wconf 65' lang='lat' dir='ltr'>Epiphaniae.</span> 
     </span>
    </p>
   </div>
   <div class='ocr_carea' id='block_1_2' title="bbox 207 660 1435 4572">
    <p class='ocr_par' dir='ltr' id='par_1_2' title="bbox 207 660 1435 4572">
     <span class='ocr_line' id='line_1_2' title="bbox 210 660 1395 750; baseline 0.003 -20"><span class='ocrx_word' id='word_1_5' title='bbox 210 662 350 730; x_wconf 85' lang='lat' dir='ltr'>vientes.</span> <span class='ocrx_word' id='word_1_6' title='bbox 373 661 423 730; x_wconf 87' lang='lat' dir='ltr'>At</span> <span class='ocrx_word' id='word_1_7' title='bbox 436 661 493 730; x_wconf 89' lang='lat' dir='ltr'>ubi</span> <span class='ocrx_word' id='word_1_8' title='bbox 509 661 603 731; x_wconf 90' lang='lat' dir='ltr'>venit</span> <span class='ocrx_word' id='word_1_9' title='bbox 614 660 790 749; x_wconf 82' lang='lat' dir='ltr'>plenitudo</span> <span class='ocrx_word' id='word_1_10' title='bbox 817 666 887 732; x_wconf 86' lang='lat' dir='ltr'>tas:</span> <span class='ocrx_word' id='word_1_11' title='bbox 922 660 1088 750; x_wconf 82' lang='lat' dir='ltr'>Quoniam</span> <span class='ocrx_word' id='word_1_12' title='bbox 1114 660 1305 745; x_wconf 71' lang='lat' dir='ltr'>Nemus</span> <span class='ocrx_word' id='word_1_13' title='bbox 1337 678 1395 733; x_wconf 81' lang='lat' dir='ltr'>vo·</span> 
     </span>
     <span class='ocr_line' id='line_1_3' title="bbox 210 747 960 836; baseline 0.001 -18"><span class='ocrx_word' id='word_1_14' title='bbox 210 748 389 836; x_wconf 82' lang='lat' dir='ltr'>temporis,</span> <span class='ocrx_word' id='word_1_15' title='bbox 423 748 515 817; x_wconf 84' lang='lat' dir='ltr'>misit</span> <span class='ocrx_word' id='word_1_16' title='bbox 544 747 639 819; x_wconf 90' lang='lat' dir='ltr'>Deus</span> <span class='ocrx_word' id='word_1_17' title='bbox 664 747 789 817; x_wconf 83' lang='lat' dir='ltr'>Filium</span> <span class='ocrx_word' id='word_1_18' title='bbox 816 750 960 820; x_wconf 80' lang='lat' dir='ltr'>eobitrrr.</span> 
     </span>
     <span class='ocr_line' id='line_1_4' title="bbox 211 830 1390 937; baseline 0.011 -33"><span class='ocrx_word' id='word_1_19' title='bbox 211 835 449 921; x_wconf 83' lang='lat' dir='ltr'>s11um‚iaetum</span> <span class='ocrx_word' id='word_1_20' title='bbox 457 834 787 923; x_wconf 81' lang='lat' dir='ltr'>exuruliere,faotum</span> <span class='ocrx_word' id='word_1_21' title='bbox 829 840 1059 914; x_wconf 75' lang='lat' dir='ltr'>offertorium.</span> <span class='ocrx_word' id='word_1_22' title='bbox 1077 842 1133 913; x_wconf 92' lang='lat' dir='ltr'>Ps.</span> <span class='ocrx_word' id='word_1_23' title='bbox 1146 846 1199 915; x_wconf 83' lang='lat'>92.</span> <span class='ocrx_word' id='word_1_24' title='bbox 1217 840 1323 937; x_wconf 59' lang='lat' dir='ltr'>Delii</span> <span class='ocrx_word' id='word_1_25' title='bbox 1337 830 1390 907; x_wconf 71' lang='lat' dir='ltr'>fli-</span> 
     </span>
     <span class='ocr_line' id='line_1_5' title="bbox 211 922 1389 1015; baseline 0.003 -25"><span class='ocrx_word' id='word_1_26' title='bbox 211 922 383 1011; x_wconf 75' lang='lat' dir='ltr'>sublege,</span> <span class='ocrx_word' id='word_1_27' title='bbox 405 929 444 990; x_wconf 91' lang='lat' dir='ltr'>ut</span> <span class='ocrx_word' id='word_1_28' title='bbox 465 943 537 1003; x_wconf 80' lang='lat' dir='ltr'>eoo,</span> <span class='ocrx_word' id='word_1_29' title='bbox 561 924 619 1011; x_wconf 92' lang='lat' dir='ltr'>qui</span> <span class='ocrx_word' id='word_1_30' title='bbox 634 924 697 993; x_wconf 93' lang='lat' dir='ltr'>sub</span> <span class='ocrx_word' id='word_1_31' title='bbox 712 922 789 1010; x_wconf 77' lang='lat' dir='ltr'>lege</span> <span class='ocrx_word' id='word_1_32' title='bbox 815 922 922 992; x_wconf 77' lang='lat' dir='ltr'>movit</span> <span class='ocrx_word' id='word_1_33' title='bbox 950 923 1066 993; x_wconf 90' lang='lat' dir='ltr'>orbem</span> <span class='ocrx_word' id='word_1_34' title='bbox 1093 928 1303 1015; x_wconf 82' lang='lat' dir='ltr'>terrae,.qu1</span> <span class='ocrx_word' id='word_1_35' title='bbox 1327 940 1389 993; x_wconf 82' lang='lat' dir='ltr'>noa</span> 
     </span>
     <span class='ocr_line' id='line_1_6' title="bbox 211 1008 1388 1099; baseline 0.005 -20"><span class='ocrx_word' id='word_1_36' title='bbox 211 1017 324 1093; x_wconf 84' lang='lat' dir='ltr'>erant,</span> <span class='ocrx_word' id='word_1_37' title='bbox 353 1008 551 1092; x_wconf 84' lang='lat' dir='ltr'>redimeret,</span> <span class='ocrx_word' id='word_1_38' title='bbox 572 1016 612 1079; x_wconf 93' lang='lat' dir='ltr'>ut</span> <span class='ocrx_word' id='word_1_39' title='bbox 634 1008 698 1079; x_wconf 84' lang='lat' dir='ltr'>ooo</span> <span class='ocrx_word' id='word_1_40' title='bbox 723 1010 788 1079; x_wconf 90' lang='lat' dir='ltr'>tio·</span> <span class='ocrx_word' id='word_1_41' title='bbox 815 1011 1098 1081; x_wconf 84' lang='lat' dir='ltr'>commovebitur:</span> <span class='ocrx_word' id='word_1_42' title='bbox 1139 1010 1264 1099; x_wconf 66' lang='lat' dir='ltr'>paren</span> <span class='ocrx_word' id='word_1_43' title='bbox 1295 1008 1388 1085; x_wconf 64' lang='lat' dir='ltr'>selu</span> 
     </span>
     <span class='ocr_line' id='line_1_7' title="bbox 210 1031 1388 1197; baseline 0.003 -31"><span class='ocrx_word' id='word_1_44' title='bbox 210 1031 788 1197; x_wconf 54' lang='lat' dir='ltr'>nemliliorumreeiperemus.ouo·</span> <span class='ocrx_word' id='word_1_45' title='bbox 815 1102 888 1184; x_wconf 88' lang='lat' dir='ltr'>tua,</span> <span class='ocrx_word' id='word_1_46' title='bbox 911 1096 1021 1186; x_wconf 88' lang='lat' dir='ltr'>Deus,</span> <span class='ocrx_word' id='word_1_47' title='bbox 1044 1117 1087 1167; x_wconf 85' lang='lat' dir='ltr'>ex</span> <span class='ocrx_word' id='word_1_48' title='bbox 1109 1100 1208 1187; x_wconf 85' lang='lat' dir='ltr'>tunc,</span> <span class='ocrx_word' id='word_1_49' title='bbox 1231 1094 1388 1169; x_wconf 60' lang='lat' dir='ltr'>amalo</span> 
     </span>
     <span class='ocr_line' id='line_1_8' title="bbox 210 1183 1434 1272; baseline 0.002 -20"><span class='ocrx_word' id='word_1_50' title='bbox 210 1185 298 1253; x_wconf 87' lang='lat' dir='ltr'>uiam</span> <span class='ocrx_word' id='word_1_51' title='bbox 331 1188 442 1252; x_wconf 88' lang='lat' dir='ltr'>autom</span> <span class='ocrx_word' id='word_1_52' title='bbox 470 1189 552 1253; x_wconf 82' lang='lat' dir='ltr'>estis</span> <span class='ocrx_word' id='word_1_53' title='bbox 579 1183 659 1272; x_wconf 90' lang='lat' dir='ltr'>tilii,</span> <span class='ocrx_word' id='word_1_54' title='bbox 696 1185 788 1253; x_wconf 88' lang='lat' dir='ltr'><strong>misit</strong></span> <span class='ocrx_word' id='word_1_55' title='bbox 815 1187 924 1253; x_wconf 85' lang='lat' dir='ltr'>tues</span> <span class='ocrx_word' id='word_1_56' title='bbox 1023 1188 1172 1261; x_wconf 83' lang='lat' dir='ltr'>Sec-reta.</span> <span class='ocrx_word' id='word_1_57' title='bbox 1431 1220 1434 1255; x_wconf 74' lang='grc' dir='ltr'>ι.</span> 
     </span>
     <span class='ocr_line' id='line_1_9' title="bbox 211 1268 1435 1361; baseline 0.005 -22"><span class='ocrx_word' id='word_1_58' title='bbox 211 1271 303 1339; x_wconf 86' lang='lat' dir='ltr'>Deus</span> <span class='ocrx_word' id='word_1_59' title='bbox 319 1270 475 1358; x_wconf 87' lang='lat' dir='ltr'>spiritum</span> <span class='ocrx_word' id='word_1_60' title='bbox 490 1268 552 1339; x_wconf 87' lang='lat' dir='ltr'>lilii</span> <span class='ocrx_word' id='word_1_61' title='bbox 568 1270 618 1340; x_wconf 90' lang='lat' dir='ltr'>sui</span> <span class='ocrx_word' id='word_1_62' title='bbox 634 1272 670 1339; x_wconf 92' lang='lat' dir='ltr'>in</span> <span class='ocrx_word' id='word_1_63' title='bbox 684 1271 789 1340; x_wconf 83' lang='lat' dir='ltr'>corda</span> <span class='ocrx_word' id='word_1_64' title='bbox 869 1269 1016 1357; x_wconf 80' lang='lat' dir='ltr'>Oncode,</span> <span class='ocrx_word' id='word_1_65' title='bbox 1032 1290 1225 1359; x_wconf 67' lang='lat' dir='ltr'>quaesumus</span> <span class='ocrx_word' id='word_1_66' title='bbox 1239 1270 1389 1361; x_wconf 83' lang='lat' dir='ltr'>omnipo·</span> <span class='ocrx_word' id='word_1_67' title='bbox 1423 1276 1435 1345; x_wconf 82' lang='lat' dir='ltr'>&#39;i</span> 
     </span>
     <span class='ocr_line' id='line_1_10' title="bbox 211 1356 1389 1445; baseline 0.003 -19"><span class='ocrx_word' id='word_1_68' title='bbox 211 1364 337 1437; x_wconf 85' lang='lat' dir='ltr'>vestra,</span> <span class='ocrx_word' id='word_1_69' title='bbox 354 1358 570 1427; x_wconf 78' lang='lat' dir='ltr'>clamentem:</span> <span class='ocrx_word' id='word_1_70' title='bbox 589 1357 704 1445; x_wconf 84' lang='lat' dir='ltr'>Abba,</span> <span class='ocrx_word' id='word_1_71' title='bbox 720 1358 787 1427; x_wconf 90' lang='lat' dir='ltr'>Pa·</span> <span class='ocrx_word' id='word_1_72' title='bbox 890 1364 966 1427; x_wconf 90' lang='lat' dir='ltr'>tens</span> <span class='ocrx_word' id='word_1_73' title='bbox 986 1357 1098 1427; x_wconf 91' lang='lat' dir='ltr'>Deus:</span> <span class='ocrx_word' id='word_1_74' title='bbox 1127 1363 1167 1427; x_wconf 90' lang='lat' dir='ltr'>ut</span> <span class='ocrx_word' id='word_1_75' title='bbox 1195 1356 1303 1429; x_wconf 82' lang='lat' dir='ltr'>oculis</span> <span class='ocrx_word' id='word_1_76' title='bbox 1325 1364 1389 1429; x_wconf 78' lang='lat' dir='ltr'>tue</span> 
     </span>
     <span class='ocr_line' id='line_1_11' title="bbox 210 1442 1390 1533; baseline 0.002 -20"><span class='ocrx_word' id='word_1_77' title='bbox 210 1451 274 1513; x_wconf 88' lang='lat' dir='ltr'>ter.</span> <span class='ocrx_word' id='word_1_78' title='bbox 298 1444 417 1532; x_wconf 70' lang='lat' dir='ltr'>lterque</span> <span class='ocrx_word' id='word_1_79' title='bbox 428 1444 500 1531; x_wconf 88' lang='lat' dir='ltr'>jam</span> <span class='ocrx_word' id='word_1_80' title='bbox 515 1464 581 1513; x_wconf 93' lang='lat' dir='ltr'>non</span> <span class='ocrx_word' id='word_1_81' title='bbox 593 1449 647 1513; x_wconf 88' lang='lat' dir='ltr'>est</span> <span class='ocrx_word' id='word_1_82' title='bbox 657 1465 786 1529; x_wconf 81' lang='lat' dir='ltr'>sermm,</span> <span class='ocrx_word' id='word_1_83' title='bbox 814 1444 1002 1515; x_wconf 78' lang='lat' dir='ltr'>ma&#39;estotis</span> <span class='ocrx_word' id='word_1_84' title='bbox 1023 1464 1143 1515; x_wconf 88' lang='lat' dir='ltr'>munus</span> <span class='ocrx_word' id='word_1_85' title='bbox 1163 1442 1331 1533; x_wconf 81' lang='lat' dir='ltr'>oblatum,</span> <span class='ocrx_word' id='word_1_86' title='bbox 1358 1450 1390 1515; x_wconf 89' lang='lat' dir='ltr'>et</span> 
     </span>
     <span class='ocr_line' id='line_1_12' title="bbox 211 1530 1390 1620; baseline 0.001 -20"><span class='ocrx_word' id='word_1_87' title='bbox 211 1531 270 1600; x_wconf 81' lang='lat' dir='ltr'>secl</span> <span class='ocrx_word' id='word_1_88' title='bbox 298 1530 406 1615; x_wconf 84' lang='lat' dir='ltr'>iilius3</span> <span class='ocrx_word' id='word_1_89' title='bbox 438 1530 528 1619; x_wconf 84' lang='lat' dir='ltr'>quod</span> <span class='ocrx_word' id='word_1_90' title='bbox 558 1532 587 1600; x_wconf 93' lang='lat' dir='ltr'>si</span> <span class='ocrx_word' id='word_1_91' title='bbox 616 1530 723 1620; x_wconf 87' lang='lat' dir='ltr'>lilius,</span> <span class='ocrx_word' id='word_1_92' title='bbox 752 1535 788 1600; x_wconf 88' lang='lat' dir='ltr'>et</span> <span class='ocrx_word' id='word_1_93' title='bbox 814 1551 855 1619; x_wconf 84' lang='lat' dir='ltr'>gr</span> <span class='ocrx_word' id='word_1_94' title='bbox 878 1531 960 1601; x_wconf 88' lang='lat' dir='ltr'>tiam</span> <span class='ocrx_word' id='word_1_95' title='bbox 987 1532 1086 1603; x_wconf 90' lang='lat' dir='ltr'>nobis</span> <span class='ocrx_word' id='word_1_96' title='bbox 1136 1532 1179 1602; x_wconf 87' lang='lat' dir='ltr'>iae</span> <span class='ocrx_word' id='word_1_97' title='bbox 1202 1530 1390 1603; x_wconf 85' lang='lat' dir='ltr'>devotionis</span> 
     </span>
     <span class='ocr_line' id='line_1_13' title="bbox 210 1552 1390 1707; baseline 0.001 -19"><span class='ocrx_word' id='word_1_98' title='bbox 210 1619 319 1688; x_wconf 81' lang='lat' dir='ltr'>haeres</span> <span class='ocrx_word' id='word_1_99' title='bbox 343 1639 406 1706; x_wconf 88' lang='lat' dir='ltr'>per</span> <span class='ocrx_word' id='word_1_100' title='bbox 427 1617 549 1687; x_wconf 91' lang='lat' dir='ltr'>Deum.</span> <span class='ocrx_word' id='word_1_101' title='bbox 814 1619 982 1707; x_wconf 87' lang='lat' dir='ltr'>obtineat,</span> <span class='ocrx_word' id='word_1_102' title='bbox 1022 1624 1058 1689; x_wconf 90' lang='lat' dir='ltr'>et</span> <span class='ocrx_word' id='word_1_103' title='bbox 1090 1552 1248 1690; x_wconf 70' lang='lat' dir='ltr'>electum</span> <span class='ocrx_word' id='word_1_104' title='bbox 1282 1619 1390 1689; x_wconf 79' lang='lat' dir='ltr'>beetae</span> 
     </span>
     <span class='ocr_line' id='line_1_14' title="bbox 231 1704 1389 1796; baseline 0.002 -23"><span class='ocrx_word' id='word_1_105' title='bbox 231 1706 413 1776; x_wconf 81' lang='lat' dir='ltr'>(lraoualo.</span> <span class='ocrx_word' id='word_1_106' title='bbox 442 1708 498 1777; x_wconf 86' lang='lat' dir='ltr'>Ps.</span> <span class='ocrx_word' id='word_1_107' title='bbox 521 1712 574 1777; x_wconf 78' lang='lat'>44.</span> <span class='ocrx_word' id='word_1_108' title='bbox 607 1705 787 1793; x_wconf 87' lang='lat' dir='ltr'>Speciosus</span> <span class='ocrx_word' id='word_1_109' title='bbox 814 1706 1038 1794; x_wconf 82' lang='lat' dir='ltr'>perennitotis</span> <span class='ocrx_word' id='word_1_110' title='bbox 1053 1708 1217 1796; x_wconf 83' lang='lat' dir='ltr'>acquirat.</span> <span class='ocrx_word' id='word_1_111' title='bbox 1238 1704 1309 1777; x_wconf 88' lang='lat' dir='ltr'>Per</span> <span class='ocrx_word' id='word_1_112' title='bbox 1321 1704 1389 1777; x_wconf 89' lang='lat' dir='ltr'>Do·</span> 
     </span>
     <span class='ocr_line' id='line_1_15' title="bbox 209 1788 950 1880; baseline 0.001 -19"><span class='ocrx_word' id='word_1_113' title='bbox 209 1792 318 1861; x_wconf 86' lang='lat' dir='ltr'>i&#39;orma</span> <span class='ocrx_word' id='word_1_114' title='bbox 333 1812 403 1880; x_wconf 71' lang='lat' dir='ltr'>prro</span> <span class='ocrx_word' id='word_1_115' title='bbox 419 1788 499 1859; x_wconf 80' lang='lat' dir='ltr'>filiis</span> <span class='ocrx_word' id='word_1_116' title='bbox 514 1790 703 1862; x_wconf 87' lang='lat' dir='ltr'>lrominum:</span> <span class='ocrx_word' id='word_1_117' title='bbox 721 1791 787 1861; x_wconf 86' lang='lat' dir='ltr'>dil·</span> <span class='ocrx_word' id='word_1_118' title='bbox 814 1793 950 1862; x_wconf 92' lang='lat' dir='ltr'>minum.</span> 
     </span>
     <span class='ocr_line' id='line_1_16' title="bbox 209 1878 1359 1980; baseline 0.007 -33"><span class='ocrx_word' id='word_1_119' title='bbox 209 1878 285 1949; x_wconf 76' lang='lat' dir='ltr'>fissa</span> <span class='ocrx_word' id='word_1_120' title='bbox 313 1885 365 1947; x_wconf 87' lang='lat' dir='ltr'>est</span> <span class='ocrx_word' id='word_1_121' title='bbox 390 1878 503 1967; x_wconf 80' lang='lat' dir='ltr'>gretia</span> <span class='ocrx_word' id='word_1_122' title='bbox 527 1878 562 1946; x_wconf 93' lang='lat' dir='ltr'>in</span> <span class='ocrx_word' id='word_1_123' title='bbox 588 1879 688 1949; x_wconf 77' lang='lat' dir='ltr'>lebiis</span> <span class='ocrx_word' id='word_1_124' title='bbox 707 1879 785 1949; x_wconf 89' lang='lat' dir='ltr'>tuis.</span> <span class='ocrx_word' id='word_1_125' title='bbox 834 1879 931 1951; x_wconf 74' lang='lat' dir='ltr'>ooo.</span> <span class='ocrx_word' id='word_1_126' title='bbox 946 1882 1164 1980; x_wconf 83' lang='lat' dir='ltr'>Telesphoro.</span> <span class='ocrx_word' id='word_1_127' title='bbox 1210 1884 1359 1955; x_wconf 82' lang='lat' dir='ltr'>Secreto.</span> 
     </span>
     <span class='ocr_line' id='line_1_17' title="bbox 208 1964 1390 2057; baseline 0.003 -22"><span class='ocrx_word' id='word_1_128' title='bbox 208 1966 440 2049; x_wconf 70' lang='lat' dir='ltr'>li.Er·uetovit</span> <span class='ocrx_word' id='word_1_129' title='bbox 453 1984 633 2034; x_wconf 80' lang='lat' dir='ltr'>cormeum</span> <span class='ocrx_word' id='word_1_130' title='bbox 644 1967 787 2037; x_wconf 84' lang='lat' dir='ltr'>uerbum</span> <span class='ocrx_word' id='word_1_131' title='bbox 897 1964 1010 2036; x_wconf 85' lang='lat' dir='ltr'>Unera</span> <span class='ocrx_word' id='word_1_132' title='bbox 1032 1967 1116 2051; x_wconf 85' lang='lat' dir='ltr'>abi,</span> <span class='ocrx_word' id='word_1_133' title='bbox 1144 1966 1312 2057; x_wconf 87' lang='lat' dir='ltr'>Domine,</span> <span class='ocrx_word' id='word_1_134' title='bbox 1340 1966 1390 2037; x_wconf 85' lang='lat' dir='ltr'>(li-</span> 
     </span>
     <span class='ocr_line' id='line_1_18' title="bbox 208 2052 1390 2142; baseline 0.005 -23"><span class='ocrx_word' id='word_1_135' title='bbox 208 2053 350 2132; x_wconf 87' lang='lat' dir='ltr'>lmnum,</span> <span class='ocrx_word' id='word_1_136' title='bbox 382 2052 456 2121; x_wconf 78' lang='lat' dir='ltr'>(lico</span> <span class='ocrx_word' id='word_1_137' title='bbox 487 2071 550 2137; x_wconf 77' lang='lat' dir='ltr'>ego</span> <span class='ocrx_word' id='word_1_138' title='bbox 581 2052 686 2142; x_wconf 89' lang='lat' dir='ltr'>opera</span> <span class='ocrx_word' id='word_1_139' title='bbox 711 2074 787 2122; x_wconf 88' lang='lat' dir='ltr'>mea</span> <span class='ocrx_word' id='word_1_140' title='bbox 914 2055 991 2122; x_wconf 86' lang='lat' dir='ltr'>cota</span> <span class='ocrx_word' id='word_1_141' title='bbox 1013 2053 1201 2123; x_wconf 88' lang='lat' dir='ltr'>sanctifica:</span> <span class='ocrx_word' id='word_1_142' title='bbox 1226 2058 1263 2125; x_wconf 86' lang='lat' dir='ltr'>et</span> <span class='ocrx_word' id='word_1_143' title='bbox 1284 2054 1390 2125; x_wconf 85' lang='lat' dir='ltr'>iuter·</span> 
     </span>
     <span class='ocr_line' id='line_1_19' title="bbox 210 2138 1389 2231; baseline 0.003 -24"><span class='ocrx_word' id='word_1_144' title='bbox 210 2139 309 2225; x_wconf 66' lang='lat' dir='ltr'>Regi:</span> <span class='ocrx_word' id='word_1_145' title='bbox 327 2138 442 2228; x_wconf 73' lang='lat' dir='ltr'>lingua</span> <span class='ocrx_word' id='word_1_146' title='bbox 456 2140 787 2210; x_wconf 78' lang='lat' dir='ltr'>mearelnmusscri·</span> <span class='ocrx_word' id='word_1_147' title='bbox 814 2160 852 2208; x_wconf 84' lang='lat' dir='ltr'>oo</span> <span class='ocrx_word' id='word_1_148' title='bbox 879 2142 956 2209; x_wconf 86' lang='lat' dir='ltr'>ente</span> <span class='ocrx_word' id='word_1_149' title='bbox 1011 2141 1113 2210; x_wconf 80' lang='lat' dir='ltr'>beoto</span> <span class='ocrx_word' id='word_1_150' title='bbox 1169 2140 1389 2231; x_wconf 73' lang='lat' dir='ltr'>Telesphoro,</span> 
     </span>
     <span class='ocr_line' id='line_1_20' title="bbox 210 2226 1390 2317; baseline 0.003 -24"><span class='ocrx_word' id='word_1_151' title='bbox 210 2227 277 2311; x_wconf 76' lang='lat' dir='ltr'>lim,</span> <span class='ocrx_word' id='word_1_152' title='bbox 300 2226 461 2295; x_wconf 83' lang='lat' dir='ltr'>uelociter·</span> <span class='ocrx_word' id='word_1_153' title='bbox 481 2227 669 2297; x_wconf 72' lang='lat' dir='ltr'>scribentis.</span> <span class='ocrx_word' id='word_1_154' title='bbox 686 2227 787 2297; x_wconf 83' lang='lat' dir='ltr'>nile·</span> <span class='ocrx_word' id='word_1_155' title='bbox 814 2227 910 2296; x_wconf 78' lang='lat' dir='ltr'>liert</span> <span class='ocrx_word' id='word_1_156' title='bbox 924 2248 972 2295; x_wconf 86' lang='lat' dir='ltr'>re</span> <span class='ocrx_word' id='word_1_157' title='bbox 999 2232 1058 2297; x_wconf 91' lang='lat' dir='ltr'>tuo</span> <span class='ocrx_word' id='word_1_158' title='bbox 1088 2233 1191 2317; x_wconf 85' lang='lat' dir='ltr'>atque</span> <span class='ocrx_word' id='word_1_159' title='bbox 1214 2226 1390 2315; x_wconf 86' lang='lat' dir='ltr'>Pontifice,</span> 
     </span>
     <span class='ocr_line' id='line_1_21' title="bbox 210 2249 1391 2409; baseline 0.003 -28"><span class='ocrx_word' id='word_1_160' title='bbox 210 2312 464 2409; x_wconf 84' lang='lat' dir='ltr'>loja,alleli1ja.</span> <span class='ocrx_word' id='word_1_161' title='bbox 814 2333 877 2401; x_wconf 91' lang='lat' dir='ltr'>per</span> <span class='ocrx_word' id='word_1_162' title='bbox 905 2249 1023 2383; x_wconf 79' lang='lat' dir='ltr'>oedem</span> <span class='ocrx_word' id='word_1_163' title='bbox 1057 2333 1119 2384; x_wconf 90' lang='lat' dir='ltr'>nos</span> <span class='ocrx_word' id='word_1_164' title='bbox 1152 2314 1308 2403; x_wconf 76' lang='lat' dir='ltr'>plaeotus</span> <span class='ocrx_word' id='word_1_165' title='bbox 1340 2314 1391 2385; x_wconf 92' lang='lat' dir='ltr'>in·</span> 
     </span>
     <span class='ocr_line' id='line_1_22' title="bbox 209 2399 925 2492; baseline 0 -23"><span class='ocrx_word' id='word_1_166' title='bbox 209 2402 248 2481; x_wconf 79' lang='lat' dir='ltr'>ll.</span> <span class='ocrx_word' id='word_1_167' title='bbox 274 2402 328 2469; x_wconf 76' lang='lat' dir='ltr'>l&#39;s</span> <span class='ocrx_word' id='word_1_168' title='bbox 349 2406 401 2469; x_wconf 71' lang='lat'>92.</span> <span class='ocrx_word' id='word_1_169' title='bbox 431 2399 595 2469; x_wconf 79' lang='lat' dir='ltr'>Dominus</span> <span class='ocrx_word' id='word_1_170' title='bbox 619 2421 656 2469; x_wconf 89' lang='lat' dir='ltr'>re</span> <span class='ocrx_word' id='word_1_171' title='bbox 705 2401 785 2489; x_wconf 80' lang='lat' dir='ltr'>orit,</span> <span class='ocrx_word' id='word_1_172' title='bbox 813 2400 925 2492; x_wconf 70' lang='lat' dir='ltr'>tende,</span> 
     </span>
     <span class='ocr_line' id='line_1_23' title="bbox 209 2476 1391 2577; baseline 0.004 -23"><span class='ocrx_word' id='word_1_173' title='bbox 209 2486 365 2555; x_wconf 84' lang='lat' dir='ltr'>decorem</span> <span class='ocrx_word' id='word_1_174' title='bbox 388 2486 515 2556; x_wconf 84' lang='lat' dir='ltr'>irnluit:</span> <span class='ocrx_word' id='word_1_175' title='bbox 539 2486 649 2556; x_wconf 73' lang='lat' dir='ltr'>inoluit</span> <span class='ocrx_word' id='word_1_176' title='bbox 702 2488 786 2557; x_wconf 90' lang='lat' dir='ltr'>orni·</span> <span class='ocrx_word' id='word_1_177' title='bbox 831 2476 947 2549; x_wconf 83' lang='lat' dir='ltr'>Tertia</span> <span class='ocrx_word' id='word_1_178' title='bbox 979 2478 1127 2553; x_wconf 82' lang='lat' dir='ltr'>Secreta.</span> <span class='ocrx_word' id='word_1_179' title='bbox 1171 2482 1391 2577; x_wconf 80' lang='lat' dir='ltr'>Muneribus,</span> 
     </span>
     <span class='ocr_line' id='line_1_24' title="bbox 207 2564 1007 2667; baseline 0.004 -26"><span class='ocrx_word' id='word_1_180' title='bbox 207 2595 271 2642; x_wconf 87' lang='lat' dir='ltr'>nus</span> <span class='ocrx_word' id='word_1_181' title='bbox 286 2572 533 2659; x_wconf 77' lang='lat' dir='ltr'>tortitritlinem,</span> <span class='ocrx_word' id='word_1_182' title='bbox 558 2581 593 2643; x_wconf 92' lang='lat' dir='ltr'>et</span> <span class='ocrx_word' id='word_1_183' title='bbox 608 2576 786 2662; x_wconf 82' lang='lat' dir='ltr'>praecinxit</span> <span class='ocrx_word' id='word_1_184' title='bbox 809 2572 847 2633; x_wconf 77' lang='lat' dir='ltr'>ut</span> <span class='ocrx_word' id='word_1_185' title='bbox 875 2564 931 2634; x_wconf 77' lang='lat' dir='ltr'>fol·</span> <span class='ocrx_word' id='word_1_186' title='bbox 954 2578 1007 2667; x_wconf 66' lang='lat'>40.</span> 
     </span>
     <span class='ocr_line' id='line_1_25' title="bbox 208 2651 1285 2751; baseline 0.006 -29"><span class='ocrx_word' id='word_1_187' title='bbox 208 2681 245 2730; x_wconf 78' lang='lat' dir='ltr'>se</span> <span class='ocrx_word' id='word_1_188' title='bbox 268 2661 405 2730; x_wconf 80' lang='lat' dir='ltr'>vil&#39;tlile.</span> <span class='ocrx_word' id='word_1_189' title='bbox 451 2659 609 2751; x_wconf 77' lang='lat' dir='ltr'>Allelilja‚</span> <span class='ocrx_word' id='word_1_190' title='bbox 830 2651 992 2726; x_wconf 77' lang='lat' dir='ltr'>Praefullo</span> <span class='ocrx_word' id='word_1_191' title='bbox 1016 2654 1057 2726; x_wconf 82' lang='lat' dir='ltr'>[le</span> <span class='ocrx_word' id='word_1_192' title='bbox 1084 2656 1285 2728; x_wconf 74' lang='lat' dir='ltr'>Nativitate.</span> 
     </span>
     <span class='ocr_line' id='line_1_26' title="bbox 208 2738 1391 2838; baseline 0.003 -21"><span class='ocrx_word' id='word_1_193' title='bbox 208 2745 388 2836; x_wconf 73' lang='lat' dir='ltr'>Sequentia</span> <span class='ocrx_word' id='word_1_194' title='bbox 410 2749 515 2817; x_wconf 87' lang='lat' dir='ltr'>saneti</span> <span class='ocrx_word' id='word_1_195' title='bbox 532 2749 710 2838; x_wconf 80' lang='lat' dir='ltr'>Evangelii</span> <span class='ocrx_word' id='word_1_196' title='bbox 731 2771 784 2819; x_wconf 89' lang='lat' dir='ltr'>se·</span> <span class='ocrx_word' id='word_1_197' title='bbox 832 2738 1038 2813; x_wconf 75' lang='lat' dir='ltr'>001111111111i0·</span> <span class='ocrx_word' id='word_1_198' title='bbox 1074 2745 1201 2816; x_wconf 78' lang='lat' dir='ltr'>Matth.</span> <span class='ocrx_word' id='word_1_199' title='bbox 1223 2749 1255 2816; x_wconf 85' lang='lat'>2.</span> <span class='ocrx_word' id='word_1_200' title='bbox 1295 2745 1391 2820; x_wconf 86' lang='lat' dir='ltr'>Tolle</span> 
     </span>
     <span class='ocr_line' id='line_1_27' title="bbox 252 2833 1390 2994; baseline 0.003 -91"><span class='ocrx_word' id='word_1_201' title='bbox 252 2833 397 2904; x_wconf 82' lang='lat' dir='ltr'>erimlum</span> <span class='ocrx_word' id='word_1_202' title='bbox 417 2835 630 2905; x_wconf 78' lang='lat' dir='ltr'>oiatthaeum.</span> <span class='ocrx_word' id='word_1_203' title='bbox 661 2855 689 2906; x_wconf 87' lang='lat' dir='ltr'>o.</span> <span class='ocrx_word' id='word_1_204' title='bbox 706 2838 737 2906; x_wconf 82' lang='lat'>2.</span> <span class='ocrx_word' id='word_1_205' title='bbox 812 2836 970 2921; x_wconf 80' lang='lat' dir='ltr'>poenum,</span> <span class='ocrx_word' id='word_1_206' title='bbox 1001 2843 1036 2904; x_wconf 89' lang='lat' dir='ltr'>et</span> <span class='ocrx_word' id='word_1_207' title='bbox 1064 2840 1207 2906; x_wconf 87' lang='lat' dir='ltr'>matrem</span> <span class='ocrx_word' id='word_1_208' title='bbox 1233 2835 1327 2994; x_wconf 61' lang='lat' dir='ltr'>epus,</span> <span class='ocrx_word' id='word_1_209' title='bbox 1358 2843 1390 2906; x_wconf 88' lang='lat' dir='ltr'>et</span> 
     </span>
     <span class='ocr_line' id='line_1_28' title="bbox 207 2920 1390 3088; baseline 0.004 -100"><span class='ocrx_word' id='word_1_210' title='bbox 207 2921 521 3088; x_wconf 77' lang='lat' dir='ltr'>INillotempore:</span> <span class='ocrx_word' id='word_1_211' title='bbox 535 2921 783 2992; x_wconf 62' lang='lat' dir='ltr'>Deionotolle«</span> <span class='ocrx_word' id='word_1_212' title='bbox 812 2920 897 2991; x_wconf 84' lang='lat' dir='ltr'>vade</span> <span class='ocrx_word' id='word_1_213' title='bbox 909 2923 942 2991; x_wconf 95' lang='lat' dir='ltr'>in</span> <span class='ocrx_word' id='word_1_214' title='bbox 954 2929 1082 2993; x_wconf 88' lang='lat' dir='ltr'>terram</span> <span class='ocrx_word' id='word_1_215' title='bbox 1095 2923 1216 2994; x_wconf 85' lang='lat' dir='ltr'>Israel:</span> <span class='ocrx_word' id='word_1_216' title='bbox 1264 2921 1390 2996; x_wconf 87' lang='lat' dir='ltr'>eioncti</span> 
     </span>
     <span class='ocr_line' id='line_1_29' title="bbox 266 3008 1389 3100; baseline 0.005 -24"><span class='ocrx_word' id='word_1_217' title='bbox 266 3008 360 3088; x_wconf 71' lang='lat' dir='ltr'>rollo,</span> <span class='ocrx_word' id='word_1_218' title='bbox 385 3029 463 3077; x_wconf 83' lang='lat' dir='ltr'>eece</span> <span class='ocrx_word' id='word_1_219' title='bbox 479 3008 631 3096; x_wconf 75' lang='lat' dir='ltr'>Angelus</span> <span class='ocrx_word' id='word_1_220' title='bbox 648 3009 784 3078; x_wconf 90' lang='lat' dir='ltr'>Domini</span> <span class='ocrx_word' id='word_1_221' title='bbox 811 3016 890 3078; x_wconf 89' lang='lat' dir='ltr'>sunt</span> <span class='ocrx_word' id='word_1_222' title='bbox 906 3010 1009 3098; x_wconf 85' lang='lat' dir='ltr'>enim,</span> <span class='ocrx_word' id='word_1_223' title='bbox 1028 3011 1085 3100; x_wconf 92' lang='lat' dir='ltr'>qui</span> <span class='ocrx_word' id='word_1_224' title='bbox 1102 3012 1304 3099; x_wconf 85' lang='lat' dir='ltr'>quaerebant</span> <span class='ocrx_word' id='word_1_225' title='bbox 1318 3011 1389 3082; x_wconf 76' lang='lat' dir='ltr'>ani-</span> 
     </span>
     <span class='ocr_line' id='line_1_30' title="bbox 208 3093 1030 3184; baseline 0.001 -20"><span class='ocrx_word' id='word_1_226' title='bbox 208 3117 229 3164; x_wconf 90' lang='lat' dir='ltr'>a</span> <span class='ocrx_word' id='word_1_227' title='bbox 253 3097 367 3182; x_wconf 76' lang='lat' dir='ltr'>posuit</span> <span class='ocrx_word' id='word_1_228' title='bbox 389 3096 422 3164; x_wconf 94' lang='lat' dir='ltr'>in</span> <span class='ocrx_word' id='word_1_229' title='bbox 448 3093 573 3165; x_wconf 86' lang='lat' dir='ltr'>somnis</span> <span class='ocrx_word' id='word_1_230' title='bbox 595 3095 727 3184; x_wconf 74' lang='lat' dir='ltr'>loseph</span> <span class='ocrx_word' id='word_1_231' title='bbox 749 3096 784 3164; x_wconf 93' lang='lat' dir='ltr'>in</span> <span class='ocrx_word' id='word_1_232' title='bbox 811 3116 899 3164; x_wconf 91' lang='lat' dir='ltr'>mam</span> <span class='ocrx_word' id='word_1_233' title='bbox 922 3097 1030 3184; x_wconf 85' lang='lat' dir='ltr'>pueri.</span> 
     </span>
     <span class='ocr_line' id='line_1_31' title="bbox 208 3117 1234 3272; baseline 0.009 -35"><span class='ocrx_word' id='word_1_234' title='bbox 208 3117 380 3270; x_wconf 47' lang='lat' dir='ltr'>,olgyptffi</span> <span class='ocrx_word' id='word_1_235' title='bbox 417 3182 552 3251; x_wconf 72' lang='lat' dir='ltr'>diceps:</span> <span class='ocrx_word' id='word_1_236' title='bbox 588 3181 715 3272; x_wconf 64' lang='lat' dir='ltr'>Surge,</span> <span class='ocrx_word' id='word_1_237' title='bbox 749 3189 783 3250; x_wconf 76' lang='lat' dir='ltr'>et</span> <span class='ocrx_word' id='word_1_238' title='bbox 952 3173 1234 3246; x_wconf 75' lang='lat' dir='ltr'>Postroimitltuitt.</span> 
     </span>
     <span class='ocr_line' id='line_1_32' title="bbox 208 3267 1386 3361; baseline 0.004 -24"><span class='ocrx_word' id='word_1_239' title='bbox 208 3271 324 3356; x_wconf 76' lang='lat' dir='ltr'>rtcoipe</span> <span class='ocrx_word' id='word_1_240' title='bbox 336 3273 490 3355; x_wconf 84' lang='lat' dir='ltr'>pirorum,</span> <span class='ocrx_word' id='word_1_241' title='bbox 505 3277 539 3338; x_wconf 86' lang='lat' dir='ltr'>et</span> <span class='ocrx_word' id='word_1_242' title='bbox 547 3276 690 3338; x_wconf 89' lang='lat' dir='ltr'>matrem</span> <span class='ocrx_word' id='word_1_243' title='bbox 700 3269 783 3358; x_wconf 89' lang='lat' dir='ltr'>ejus,</span> <span class='ocrx_word' id='word_1_244' title='bbox 868 3267 919 3336; x_wconf 86' lang='lat' dir='ltr'>Er</span> <span class='ocrx_word' id='word_1_245' title='bbox 934 3268 1044 3359; x_wconf 87' lang='lat' dir='ltr'>hujus,</span> <span class='ocrx_word' id='word_1_246' title='bbox 1064 3270 1218 3356; x_wconf 78' lang='lat' dir='ltr'>Domine,</span> <span class='ocrx_word' id='word_1_247' title='bbox 1238 3272 1386 3361; x_wconf 87' lang='lat' dir='ltr'>operati·</span> 
     </span>
     <span class='ocr_line' id='line_1_33' title="bbox 208 3355 1387 3446; baseline 0.003 -22"><span class='ocrx_word' id='word_1_248' title='bbox 208 3362 243 3424; x_wconf 85' lang='lat' dir='ltr'>ot</span> <span class='ocrx_word' id='word_1_249' title='bbox 261 3355 347 3423; x_wconf 82' lang='lat' dir='ltr'>rade</span> <span class='ocrx_word' id='word_1_250' title='bbox 366 3357 400 3424; x_wconf 92' lang='lat' dir='ltr'>in</span> <span class='ocrx_word' id='word_1_251' title='bbox 424 3366 550 3424; x_wconf 84' lang='lat' dir='ltr'>terram</span> <span class='ocrx_word' id='word_1_252' title='bbox 573 3357 695 3426; x_wconf 83' lang='lat' dir='ltr'>Israel:</span> <span class='ocrx_word' id='word_1_253' title='bbox 724 3355 784 3425; x_wconf 87' lang='lat' dir='ltr'>de·</span> <span class='ocrx_word' id='word_1_254' title='bbox 887 3355 984 3426; x_wconf 88' lang='lat' dir='ltr'>onem</span> <span class='ocrx_word' id='word_1_255' title='bbox 1021 3357 1194 3446; x_wconf 78' lang='lat' dir='ltr'>mysterii,</span> <span class='ocrx_word' id='word_1_256' title='bbox 1233 3365 1270 3427; x_wconf 91' lang='lat' dir='ltr'>et</span> <span class='ocrx_word' id='word_1_257' title='bbox 1306 3359 1387 3430; x_wconf 83' lang='lat' dir='ltr'>vitia</span> 
     </span>
     <span class='ocr_line' id='line_1_34' title="bbox 207 3442 1386 3533; baseline 0.003 -23"><span class='ocrx_word' id='word_1_258' title='bbox 207 3442 312 3512; x_wconf 80' lang='lat' dir='ltr'>fiunti</span> <span class='ocrx_word' id='word_1_259' title='bbox 336 3450 415 3512; x_wconf 83' lang='lat' dir='ltr'>suut</span> <span class='ocrx_word' id='word_1_260' title='bbox 437 3445 541 3524; x_wconf 90' lang='lat' dir='ltr'>enim,</span> <span class='ocrx_word' id='word_1_261' title='bbox 570 3445 627 3532; x_wconf 92' lang='lat' dir='ltr'>qui</span> <span class='ocrx_word' id='word_1_262' title='bbox 653 3445 783 3531; x_wconf 72' lang='lat' dir='ltr'>quare·</span> <span class='ocrx_word' id='word_1_263' title='bbox 811 3448 927 3511; x_wconf 87' lang='lat' dir='ltr'>nostra</span> <span class='ocrx_word' id='word_1_264' title='bbox 950 3446 1149 3533; x_wconf 81' lang='lat' dir='ltr'>purgentur.</span> <span class='ocrx_word' id='word_1_265' title='bbox 1172 3451 1208 3514; x_wconf 91' lang='lat' dir='ltr'>et</span> <span class='ocrx_word' id='word_1_266' title='bbox 1217 3444 1316 3533; x_wconf 80' lang='lat' dir='ltr'>justa</span> <span class='ocrx_word' id='word_1_267' title='bbox 1330 3446 1386 3516; x_wconf 90' lang='lat' dir='ltr'>de·</span> 
     </span>
     <span class='ocr_line' id='line_1_35' title="bbox 208 3528 1387 3620; baseline 0.004 -23"><span class='ocrx_word' id='word_1_268' title='bbox 208 3531 291 3599; x_wconf 77' lang='lat' dir='ltr'>liant</span> <span class='ocrx_word' id='word_1_269' title='bbox 314 3531 459 3599; x_wconf 74' lang='lat' dir='ltr'>einimaur</span> <span class='ocrx_word' id='word_1_270' title='bbox 481 3531 587 3617; x_wconf 85' lang='lat' dir='ltr'>poeri.</span> <span class='ocrx_word' id='word_1_271' title='bbox 623 3530 686 3617; x_wconf 76' lang='lat' dir='ltr'>Qui</span> <span class='ocrx_word' id='word_1_272' title='bbox 704 3552 783 3598; x_wconf 86' lang='lat' dir='ltr'>con·</span> <span class='ocrx_word' id='word_1_273' title='bbox 811 3528 936 3598; x_wconf 86' lang='lat' dir='ltr'>sideria</span> <span class='ocrx_word' id='word_1_274' title='bbox 955 3532 1199 3620; x_wconf 81' lang='lat' dir='ltr'>compleentur.</span> <span class='ocrx_word' id='word_1_275' title='bbox 1232 3531 1301 3603; x_wconf 84' lang='lat' dir='ltr'>Per</span> <span class='ocrx_word' id='word_1_276' title='bbox 1321 3532 1387 3604; x_wconf 90' lang='lat' dir='ltr'>Do·</span> 
     </span>
     <span class='ocr_line' id='line_1_36' title="bbox 210 3616 946 3705; baseline 0.001 -21"><span class='ocrx_word' id='word_1_277' title='bbox 210 3621 367 3700; x_wconf 62' lang='lat' dir='ltr'>serpens,</span> <span class='ocrx_word' id='word_1_278' title='bbox 397 3618 527 3705; x_wconf 75' lang='lat' dir='ltr'>accepit</span> <span class='ocrx_word' id='word_1_279' title='bbox 554 3621 713 3704; x_wconf 84' lang='lat' dir='ltr'>pirorum,</span> <span class='ocrx_word' id='word_1_280' title='bbox 749 3623 783 3686; x_wconf 92' lang='lat' dir='ltr'>et</span> <span class='ocrx_word' id='word_1_281' title='bbox 810 3616 946 3698; x_wconf 84' lang='lat' dir='ltr'>urinum.</span> 
     </span>
     <span class='ocr_line' id='line_1_37' title="bbox 209 3694 1380 3791; baseline 0.001 -20"><span class='ocrx_word' id='word_1_282' title='bbox 209 3711 349 3772; x_wconf 72' lang='lat' dir='ltr'>uentrem</span> <span class='ocrx_word' id='word_1_283' title='bbox 372 3705 454 3791; x_wconf 81' lang='lat' dir='ltr'>ojus,</span> <span class='ocrx_word' id='word_1_284' title='bbox 487 3713 521 3772; x_wconf 88' lang='lat' dir='ltr'>et</span> <span class='ocrx_word' id='word_1_285' title='bbox 542 3705 636 3772; x_wconf 81' lang='lat' dir='ltr'>verrit</span> <span class='ocrx_word' id='word_1_286' title='bbox 657 3705 691 3772; x_wconf 91' lang='lat' dir='ltr'>iu</span> <span class='ocrx_word' id='word_1_287' title='bbox 713 3711 783 3772; x_wconf 89' lang='lat' dir='ltr'>ter·</span> <span class='ocrx_word' id='word_1_288' title='bbox 806 3694 857 3764; x_wconf 68' lang='lat' dir='ltr'>llo</span> <span class='ocrx_word' id='word_1_289' title='bbox 875 3695 906 3764; x_wconf 76' lang='lat' dir='ltr'>S·</span> <span class='ocrx_word' id='word_1_290' title='bbox 925 3695 1142 3784; x_wconf 49' lang='lat' dir='ltr'>Telesphoro.</span> <span class='ocrx_word' id='word_1_291' title='bbox 1177 3699 1380 3772; x_wconf 81' lang='lat' dir='ltr'>Poste-oium.</span> 
     </span>
     <span class='ocr_line' id='line_1_38' title="bbox 209 3789 1388 3880; baseline 0.006 -23"><span class='ocrx_word' id='word_1_292' title='bbox 209 3811 280 3858; x_wconf 81' lang='lat' dir='ltr'>ram</span> <span class='ocrx_word' id='word_1_293' title='bbox 311 3790 427 3858; x_wconf 81' lang='lat' dir='ltr'>lsrael.</span> <span class='ocrx_word' id='word_1_294' title='bbox 475 3791 627 3859; x_wconf 68' lang='lat' dir='ltr'>ilrirliens</span> <span class='ocrx_word' id='word_1_295' title='bbox 660 3796 783 3877; x_wconf 72' lang='lat' dir='ltr'>alitem,</span> <span class='ocrx_word' id='word_1_296' title='bbox 879 3789 992 3859; x_wconf 85' lang='lat' dir='ltr'>Eieeti</span> <span class='ocrx_word' id='word_1_297' title='bbox 1025 3791 1286 3880; x_wconf 79' lang='lat' dir='ltr'>participatione</span> <span class='ocrx_word' id='word_1_298' title='bbox 1314 3797 1388 3864; x_wconf 85' lang='lat' dir='ltr'>mo·</span> 
     </span>
     <span class='ocr_line' id='line_1_39' title="bbox 210 3877 1389 3967; baseline 0.008 -25"><span class='ocrx_word' id='word_1_299' title='bbox 210 3878 298 3945; x_wconf 83' lang='lat' dir='ltr'>‹uml</span> <span class='ocrx_word' id='word_1_300' title='bbox 334 3878 523 3945; x_wconf 76' lang='lat' dir='ltr'>nrelmu&#39;ms</span> <span class='ocrx_word' id='word_1_301' title='bbox 556 3880 718 3966; x_wconf 75' lang='lat' dir='ltr'>regmiret</span> <span class='ocrx_word' id='word_1_302' title='bbox 750 3879 783 3945; x_wconf 93' lang='lat' dir='ltr'>in</span> <span class='ocrx_word' id='word_1_303' title='bbox 889 3877 1091 3964; x_wconf 88' lang='lat' dir='ltr'>nerissaeri,</span> <span class='ocrx_word' id='word_1_304' title='bbox 1112 3899 1307 3967; x_wconf 79' lang='lat' dir='ltr'>quaesumus</span> <span class='ocrx_word' id='word_1_305' title='bbox 1318 3880 1389 3951; x_wconf 90' lang='lat' dir='ltr'>Do·</span> 
     </span>
     <span class='ocr_line' id='line_1_40' title="bbox 209 3901 1392 4058; baseline 0.007 -27"><span class='ocrx_word' id='word_1_306' title='bbox 209 3901 329 4031; x_wconf 71' lang='lat' dir='ltr'>ludma</span> <span class='ocrx_word' id='word_1_307' title='bbox 366 3986 415 4032; x_wconf 81' lang='lat' dir='ltr'>un</span> <span class='ocrx_word' id='word_1_308' title='bbox 432 3963 571 4032; x_wconf 78' lang='lat' dir='ltr'>Herode</span> <span class='ocrx_word' id='word_1_309' title='bbox 594 3971 692 4051; x_wconf 86' lang='lat' dir='ltr'>patro</span> <span class='ocrx_word' id='word_1_310' title='bbox 713 3985 783 4049; x_wconf 82' lang='lat' dir='ltr'>siro,</span> <span class='ocrx_word' id='word_1_311' title='bbox 812 3963 900 4031; x_wconf 89' lang='lat' dir='ltr'>mine</span> <span class='ocrx_word' id='word_1_312' title='bbox 927 3962 1021 4032; x_wconf 86' lang='lat' dir='ltr'>Deus</span> <span class='ocrx_word' id='word_1_313' title='bbox 1050 3973 1184 4035; x_wconf 87' lang='lat' dir='ltr'>noster:</span> <span class='ocrx_word' id='word_1_314' title='bbox 1222 3971 1262 4037; x_wconf 90' lang='lat' dir='ltr'>ut</span> <span class='ocrx_word' id='word_1_315' title='bbox 1294 3969 1392 4058; x_wconf 85' lang='lat' dir='ltr'>cujus</span> 
     </span>
     <span class='ocr_line' id='line_1_41' title="bbox 210 3986 1391 4140; baseline 0.006 -23"><span class='ocrx_word' id='word_1_316' title='bbox 210 4051 323 4118; x_wconf 85' lang='lat' dir='ltr'>timuit</span> <span class='ocrx_word' id='word_1_317' title='bbox 349 3986 406 4118; x_wconf 79' lang='lat' dir='ltr'>illo</span> <span class='ocrx_word' id='word_1_318' title='bbox 435 4051 499 4118; x_wconf 92' lang='lat' dir='ltr'>ire:</span> <span class='ocrx_word' id='word_1_319' title='bbox 531 4058 565 4119; x_wconf 85' lang='lat' dir='ltr'>ot</span> <span class='ocrx_word' id='word_1_320' title='bbox 593 4050 784 4120; x_wconf 82' lang='lat' dir='ltr'>aduninitus</span> <span class='ocrx_word' id='word_1_321' title='bbox 812 4050 1011 4137; x_wconf 79' lang='lat' dir='ltr'>exequimur</span> <span class='ocrx_word' id='word_1_322' title='bbox 1051 4052 1203 4140; x_wconf 85' lang='lat' dir='ltr'>cultum,</span> <span class='ocrx_word' id='word_1_323' title='bbox 1244 4053 1391 4126; x_wconf 82' lang='lat' dir='ltr'>interce-</span> 
     </span>
     <span class='ocr_line' id='line_1_42' title="bbox 209 4136 1392 4228; baseline 0.009 -26"><span class='ocrx_word' id='word_1_324' title='bbox 209 4136 243 4205; x_wconf 95' lang='lat' dir='ltr'>in</span> <span class='ocrx_word' id='word_1_325' title='bbox 273 4138 413 4216; x_wconf 82' lang='lat' dir='ltr'>somnis,</span> <span class='ocrx_word' id='word_1_326' title='bbox 449 4138 589 4206; x_wconf 81' lang='lat' dir='ltr'>secessit</span> <span class='ocrx_word' id='word_1_327' title='bbox 611 4138 644 4205; x_wconf 92' lang='lat' dir='ltr'>in</span> <span class='ocrx_word' id='word_1_328' title='bbox 668 4143 786 4226; x_wconf 83' lang='lat' dir='ltr'>partes</span> <span class='ocrx_word' id='word_1_329' title='bbox 812 4136 914 4206; x_wconf 77' lang='lat' dir='ltr'>(lente</span> <span class='ocrx_word' id='word_1_330' title='bbox 933 4137 1033 4207; x_wconf 77' lang='lat' dir='ltr'>boeto</span> <span class='ocrx_word' id='word_1_331' title='bbox 1046 4138 1265 4228; x_wconf 85' lang='lat' dir='ltr'>Telesphoro,</span> <span class='ocrx_word' id='word_1_332' title='bbox 1293 4141 1392 4213; x_wconf 82' lang='lat' dir='ltr'>Mor-</span> 
     </span>
     <span class='ocr_line' id='line_1_43' title="bbox 210 4222 1393 4323; baseline 0.011 -37"><span class='ocrx_word' id='word_1_333' title='bbox 210 4222 368 4291; x_wconf 75' lang='lat' dir='ltr'>(laliluun.</span> <span class='ocrx_word' id='word_1_334' title='bbox 415 4223 462 4292; x_wconf 87' lang='lat' dir='ltr'>Et</span> <span class='ocrx_word' id='word_1_335' title='bbox 490 4225 628 4293; x_wconf 78' lang='lat' dir='ltr'>ueniens</span> <span class='ocrx_word' id='word_1_336' title='bbox 651 4225 784 4294; x_wconf 83' lang='lat' dir='ltr'>habito·</span> <span class='ocrx_word' id='word_1_337' title='bbox 812 4232 888 4323; x_wconf 74' lang='lat' dir='ltr'>ipre</span> <span class='ocrx_word' id='word_1_338' title='bbox 910 4231 969 4292; x_wconf 92' lang='lat' dir='ltr'>tuo</span> <span class='ocrx_word' id='word_1_339' title='bbox 993 4231 1095 4314; x_wconf 88' lang='lat' dir='ltr'>atque</span> <span class='ocrx_word' id='word_1_340' title='bbox 1113 4226 1289 4316; x_wconf 88' lang='lat' dir='ltr'>Pontifice,</span> <span class='ocrx_word' id='word_1_341' title='bbox 1315 4249 1393 4300; x_wconf 86' lang='lat' dir='ltr'>sen·</span> 
     </span>
     <span class='ocr_line' id='line_1_44' title="bbox 210 4310 1124 4394; baseline 0.005 -18"><span class='ocrx_word' id='word_1_342' title='bbox 210 4310 259 4377; x_wconf 81' lang='lat' dir='ltr'>vit</span> <span class='ocrx_word' id='word_1_343' title='bbox 287 4311 319 4377; x_wconf 93' lang='lat' dir='ltr'>in</span> <span class='ocrx_word' id='word_1_344' title='bbox 348 4311 507 4394; x_wconf 79' lang='lat' dir='ltr'>riuitote,</span> <span class='ocrx_word' id='word_1_345' title='bbox 542 4332 616 4379; x_wconf 73' lang='lat' dir='ltr'>(um</span> <span class='ocrx_word' id='word_1_346' title='bbox 644 4314 785 4381; x_wconf 76' lang='lat' dir='ltr'>vomitur</span> <span class='ocrx_word' id='word_1_347' title='bbox 813 4313 934 4379; x_wconf 84' lang='lat' dir='ltr'>trourus</span> <span class='ocrx_word' id='word_1_348' title='bbox 958 4311 1124 4382; x_wconf 82' lang='lat' dir='ltr'>ellectum.</span> 
     </span>
     <span class='ocr_line' id='line_1_45' title="bbox 209 4337 1394 4485; baseline 0.011 -23"><span class='ocrx_word' id='word_1_349' title='bbox 209 4395 402 4465; x_wconf 76' lang='lat' dir='ltr'>Nimnntlr:</span> <span class='ocrx_word' id='word_1_350' title='bbox 458 4406 496 4464; x_wconf 93' lang='lat' dir='ltr'>ut</span> <span class='ocrx_word' id='word_1_351' title='bbox 529 4337 783 4485; x_wconf 78' lang='lat' dir='ltr'>aoirnpleretur,</span> <span class='ocrx_word' id='word_1_352' title='bbox 826 4396 942 4465; x_wconf 87' lang='lat' dir='ltr'>Tertia</span> <span class='ocrx_word' id='word_1_353' title='bbox 971 4397 1253 4470; x_wconf 86' lang='lat' dir='ltr'>Postoommunio.</span> <span class='ocrx_word' id='word_1_354' title='bbox 1299 4401 1394 4476; x_wconf 81' lang='lat' dir='ltr'>Haeo</span> 
     </span>
     <span class='ocr_line' id='line_1_46' title="bbox 209 4482 1110 4572; baseline 0.007 -23"><span class='ocrx_word' id='word_1_355' title='bbox 209 4482 299 4570; x_wconf 75' lang='lat' dir='ltr'>qutrd</span> <span class='ocrx_word' id='word_1_356' title='bbox 323 4483 449 4552; x_wconf 85' lang='lat' dir='ltr'>dietum</span> <span class='ocrx_word' id='word_1_357' title='bbox 472 4491 525 4551; x_wconf 86' lang='lat' dir='ltr'>est</span> <span class='ocrx_word' id='word_1_358' title='bbox 547 4505 610 4571; x_wconf 82' lang='lat' dir='ltr'>por·</span> <span class='ocrx_word' id='word_1_359' title='bbox 632 4485 784 4572; x_wconf 81' lang='lat' dir='ltr'>Prophe·</span> <span class='ocrx_word' id='word_1_360' title='bbox 813 4505 887 4570; x_wconf 80' lang='lat' dir='ltr'>nos,</span> <span class='ocrx_word' id='word_1_361' title='bbox 909 4493 947 4552; x_wconf 89' lang='lat' dir='ltr'>ut</span> <span class='ocrx_word' id='word_1_362' title='bbox 969 4483 1025 4552; x_wconf 84' lang='lat' dir='ltr'>sol.</span> <span class='ocrx_word' id='word_1_363' title='bbox 1057 4491 1110 4556; x_wconf 86' lang='grc'>41.</span> 
     </span>
    </p>
   </div>
   <div class='ocr_carea' id='block_1_3' title="bbox 509 4658 933 4766">
    <p class='ocr_par' dir='ltr' id='par_1_3' title="bbox 509 4658 933 4766">
     <span class='ocr_line' id='line_1_47' title="bbox 509 4658 933 4766; baseline -0.007 -1"><span class='ocrx_word' id='word_1_364' title='bbox 509 4658 933 4766; x_wconf 48' lang='lat' dir='ltr'>mmmmm</span> 
     </span>
    </p>
   </div>
   <div class='ocr_carea' id='block_1_4' title="bbox 0 0 1519 5400">
    <p class='ocr_par' dir='ltr' id='par_1_4' title="bbox 0 0 1519 5400">
     <span class='ocr_line' id='line_1_48' title="bbox 0 0 1519 5400; baseline 0 0"><span class='ocrx_word' id='word_1_365' title='bbox 0 0 1519 5400; x_wconf 95' lang='lat' dir='ltr'> </span> 
     </span>
    </p>
   </div>
  </div>
 </body>
</html>
