3025 5400
258 349 443 417 ij·
542 352 661 411 ·'.·
749 353 783 415 ἰζ

844 462 883 501 .'¹
922 460 1003 504 ·.¹t.
1070 476 1081 505 ι
1152 495 1159 505 .

265 561 305 611 1.
434 555 645 613 Ossunt
691 557 863 613 etiam
912 555 1160 613 defectus
1207 574 1403 612 occur-

470 642 596 681 rere
621 626 681 682 in
705 627 1020 683 ministerio
1051 628 1192 696 ipso,
1222 627 1269 681 si
1299 626 1403 681 ali-

256 693 389 777 quid
422 710 493 750 ex
518 696 807 767 requisitis
833 695 905 751 ad
934 695 1075 752 illud
1116 694 1287 751 desit:
1342 704 1400 751 ut

256 780 303 820 si
332 762 653 822 celebretur
686 766 743 821 in
782 765 904 821 loco
938 782 1049 821 non
1083 782 1271 831 sacrO,
1315 764 1403 820 vel

254 848 367 891 non
388 834 661 906 deputato
684 834 757 891 ab
780 834 1081 959 Episcopo,
1110 835 1196 890 vel
1226 836 1282 890 in
1303 834 1405 889 Al·
1428 844 1429 861 ¹

257 905 369 960 tari
394 920 509 961 non
534 910 883 973 consecratO,
920 920 987 959 ve
1036 903 1219 961 tribus
1249 922 1404 975 map-

258 974 345 1045 pis
370 990 483 1030 non
506 982 803 1045 cooperto:
828 973 873 1029 si
898 990 1011 1031 non
1032 972 1219 1030 adsint
1242 974 1405 1029 lumi·

256 1043 420 1098 naria
444 1058 639 1099 cerea:
669 1044 717 1099 si
748 1060 860 1100 nou
886 1044 957 1100 sit
996 1051 1109 1100 tem
1151 1059 1217 1099 us
1249 1042 1405 1099 debi-

257 1120 377 1169 tum
407 1110 751 1173 celebrandi.
790 1112 937 1183 quod
975 1120 1061 1169 est
1092 1128 1125 1169 a
1197 1129 1407 1169 aurora

257 1198 434 1253 usque
464 1180 539 1237 ad
578 1180 869 1239 meridiem
913 1183 1311 1239 communiter:
1358 1182 1405 1239 si

257 1250 555 1307 celebrans
610 1251 810 1309 saltem
862 1252 1207 1309 Matutinum
1279 1267 1407 1307 cum

260 1318 553 1378 Laudibus
576 1336 691 1377 non
719 1319 957 1379 dixerit:
986 1321 1033 1377 si
1059 1322 1285 1379 omittat
1304 1321 1407 1377 ali-

257 1388 393 1463 quid
434 1406 507 1447 ex
546 1389 797 1448 vestibus
842 1389 1315 1447 sacerdotalibus:
1358 1391 1405 1447 si

260 1468 443 1517 veste-s
486 1458 867 1517 sacerdotales
906 1465 963 1517 et
1008 1476 1138 1532 map
1162 1476 1244 1517 »ae
1292 1476 1404 1517 non

260 1530 369 1587 sint
400 1527 477 1586 ab
510 1528 823 1602 Episcopo,
861 1529 952 1586 vel
989 1527 1063 1586 ab
1107 1546 1141 1586 a
1166 1531 1222 1587 io
1262 1529 1408 1586 hanc

258 1598 505 1655 habente
554 1604 889 1671 potestatem
933 1597 1292 1657 benedictae:
1360 1599 1407 1655 si

259 1685 365 1726 non
410 1668 569 1726 adsit
603 1667 883 1737 Clericus,
919 1668 1009 1725 vel
1046 1669 1191 1726 alius
1220 1668 1408 1725 deser-

260 1739 415 1796 viens
440 1739 501 1795 in
529 1737 737 1805 Missa,
780 1738 871 1794 vel
900 1736 1049 1797 adsit
1086 1739 1182 1821 qui
1221 1737 1408 1795 deser-

260 1808 377 1865 vire
408 1823 527 1865 non
552 1806 717 1864 debet
760 1812 825 1864 ut
845 1808 1073 1865 mulier:
1103 1824 1151 1865 si
1172 1823 1287 1865 non
1312 1806 1409 1864 ad-
1430 1810 1433 1857 ¹1

260 1878 327 1933 sit
350 1876 521 1934 Calix
546 1892 675 1933 cum
694 1852 909 1934 flate-na
935 1878 1291 1945 convenienS,
1315 1894 1411 1934 cu-

255 1946 343 2017 ius
372 1962 565 2019 cuppa
610 1946 779 2003 debet
808 1960 928 2003 esse
957 1962 1146 2015 aurea,
1190 1945 1279 2003 vel
1320 1962 1411 2002 ar-

262 2024 481 2085 gentea,
498 2014 591 2072 vel
606 2022 857 2079 stannea:
878 2030 991 2073 non
1006 2031 1193 2083 aerea,
1214 2015 1307 2073 vel
1328 2016 1412 2071 vi-

262 2092 413 2142 trea:
460 2086 509 2143 si
538 2083 873 2157 Corporalia
892 2101 1005 2142 non
1037 2087 1149 2143 sint
1186 2084 1411 2149 munda,

432 2153 647 2211 debent
677 2168 799 2211 esse
834 2170 905 2210 ex
928 2153 1063 2223 lino,
1099 2170 1201 2212 nec
1231 2156 1412 2211 serico

266 2240 319 2281 ιιι
340 2222 535 2281 medio
554 2230 775 2287 ornata,
806 2228 861 2279 et
896 2222 969 2280 ab
990 2224 1293 2297 Episcopo,
1322 2223 1411 2280 vel

264 2292 331 2351 ab
356 2294 475 2351 alio
500 2292 647 2350 hanc
676 2292 919 2349 habente
946 2300 1284 2365 potestatem
1318 2292 1413 2349 bc-

266 2360 509 2432 nedicta,
523 2368 591 2419 ut
610 2362 781 2419 etiam
796 2364 1053 2434 superius
1070 2362 1283 2420 dictum
1304 2369 1412 2421 est:

268 2434 311 2489 si
334 2430 591 2489 celebret
630 2431 819 2503 capite
856 2446 958 2489 coo
1032 2438 1123 2489 rto
1166 2433 1287 2489 sine
1331 2431 1414 2488 di-

268 2502 655 2574 spensatione:
690 2502 741 2557 si
762 2516 877 2557 non
899 2515 935 2557 a
1002 2503 1048 2559 it
1070 2500 1319 2569 missale,
1347 2501 1415 2557 li-

268 2580 353 2629 cet
390 2571 723 2629 memoriter
758 2570 931 2628 sciret
960 2571 1213 2641 Missam,
1247 2587 1415 2643 quam

270 2640 515 2698 intendit
534 2638 741 2697 dicere.

334 2713 385 2768 2.
424 2709 489 2768 Si
518 2709 827 2767 Sacerdote
866 2707 1204 2770 celebrante.
1242 2710 1416 2766 viole-

271 2787 363 2837 tur
388 2779 655 2838 Ecclesia
678 2787 814 2837 ante
836 2778 1135 2846 Canonem,
1167 2773 1417 2836 dimitta-

270 2857 362 2906 tur
386 2849 594 2906 Missa:
640 2850 689 2906 si
714 2855 843 2920 post
866 2847 1166 2916 Canonem,
1200 2865 1311 2906 non
1336 2848 1418 2905 ‹li-

274 2921 551 2977 mittatur.
614 2917 676 2974 Si
716 2919 985 2976 timeatur
1022 2919 1279 2976 incursus
1320 2918 1418 2974 ho·

272 2991 459 3054 stium,
500 2987 593 3044 vel
624 2987 947 3052 alluvionis,
986 2989 1072 3044 vel
1112 2989 1277 3044 ruina
1309 2987 1418 3045 loci

272 3058 365 3115 ubi
396 3057 740 3120 celebratur,
773 3063 905 3114 ante
940 3059 1419 3115 consecrationem

274 3127 599 3186 dimittatur
642 3127 841 3192 Missa,
880 3135 1005 3198 post
1047 3127 1421 3184 consecratio-

275 3213 401 3254 nem
438 3213 579 3254 vero
614 3194 887 3254 Sacerdos
916 3197 1231 3254 accelerare
1266 3203 1421 3267 pote-

276 3267 348 3325 rit
378 3265 759 3339 sumptionem
793 3263 1165 3334 Sacramenti,
1204 3266 1421 3323 omissis
1448 3308 1449 3313 1

278 3335 537 3394 omnibus
562 3335 708 3392 aliis,

342 3407 393 3464 3.
448 3403 511 3462 Si
552 3403 827 3461 Sacerdos
872 3409 1005 3460 ante
1050 3403 1421 3460 consecratio-

280 3491 407 3532 nem
432 3474 688 3545 graviter
716 3471 1049 3538 infirmetur,
1084 3474 1172 3530 vel
1210 3475 1267 3530 in
1296 3489 1426 3543 syn-

280 3559 477 3617 copem
502 3543 783 3610 inciderit,
819 3550 919 3600 aut
950 3543 1243 3606 moriatur,
1266 3557 1426 3614 prac-

282 3613 623 3672 termittitur
652 3611 858 3670 Missa:
898 3613 945 3669 si
983 3619 1109 3684 post.
1138 3627 1429 3670 consecra-

282 3685 495 3740 tionem
528 3681 801 3754 Corporis
836 3688 1082 3750 tantum,
1124 3689 1258 3739 anto
1298 3697 1426 3738 con-

282 3753 659 3810 secrationem
690 3749 1019 3834 Sanguinis,
1061 3751 1151 3807 vel
1191 3759 1430 3823 utroque

284 3829 614 3880 consecrato
632 3821 693 3878 id
711 3821 933 3891 accidit,
948 3821 1125 3880 Missa
1138 3835 1241 3888 per
1257 3820 1430 3877 alium

288 3891 649 3950 Sacerdotem
668 3890 963 3962 expleatur
980 3890 1055 3947 ab
1074 3905 1141 3947 eo
1168 3890 1310 3959 loco,
1332 3889 1426 3947 ubi

290 3961 381 4019 ille
392 3961 581 4027 desiit,
594 3967 652 4018 et
678 3960 735 4017 in
756 3975 889 4016 casu
903 3959 1251 4018 necessitatis
1262 3960 1430 4016 etiam

289 4047 389 4158 ‘riis
406 4046 523 4158 225¹
540 4027 1434 4157 {ffiffififfiffioeffdssffliiz

294 4177 351 4228 ut
384 4171 569 4244 possit
596 4167 1027 4229 communicare.
1056 4173 1113 4225 et
1145 4184 1258 4224 non
1288 4167 1433 4224 adsit

292 4239 403 4296 alia
418 4238 627 4298 Hostia
654 4245 1001 4306 consecrata,
1026 4235 1314 4306 Sacerdos
1340 4239 1434 4309 qui

294 4307 523 4366 Missam
546 4306 791 4380 supplet,
822 4304 1040 4365 dividat
1068 4306 1353 4365 Hostiam.
1382 4315 1434 4363 et

297 4393 465 4436 unam
482 4385 705 4450 partem
718 4373 993 4450 praebeat
1014 4375 1253 4444 infirmo,
1268 4376 1438 4433 aliam

480 4507 729 4572 Missale
756 4505 929 4570 Rom.

1387 380 1391 385 ·
1461 351 1578 419 ipse
1622 356 1820 403 sumat.

1900 346 1954 401 Si
2000 356 2183 400 autem
2239 347 2595 415 s‹··111i1·›1·olata

1463 429 1638 472 torma
1679 418 1946 487 ('‹›rpo1·i<
1973 415 2108 469 obiit
2144 418 2430 469 sacerdos.
2471 416 2598 484 quia

1463 496 1672 543 nonest
1700 488 1844 542 l'aota
1869 487 2232 545 consecratio.
2265 502 2373 539 non
2402 493 2479 540 est
2509 501 2601 538 iu·-

1435 590 1436 594 =
1459 574 1626 619 resse,
1657 565 1715 613 ut
1743 558 1917 611 Missa
1942 571 2042 625 per
2065 556 2236 610 alium
2259 553 2602 624 supplentur.

1459 628 1518 682 ”si
1573 641 1707 681 vero
1761 626 1966 681 obierit
2011 624 2372 694 semiprolata
2423 622 2604 679 forma

1463 696 1758 766 Sanguinis
1779 740 1791 761 ,
1845 702 1980 751 tunc
2027 694 2174 749 alte-r
2233 700 2605 765 prosequatur

1463 766 1718 825 Missam.
1765 772 1816 819 ot
1857 780 2026 835 super
2064 763 2318 819 eumdem
2359 762 2602 818 (alicam

1463 842 1676 906 repetat
1705 834 1978 903 integram
2006 832 2242 889 formam
2266 833 2338 889 ab
2369 850 2434 889 co
2465 832 2603 888 loco:

1463 908 1634 963 ⁴412:qu
1665 908 1826 961 Licuit»
1857 920 2142 975 ι·.ι.<ῐι,ιι;ι.ῑῑ
2178 922 2466 963 (·ι.·«-..·.ι“.1ιειι
2499 922 2600 967 «miz,

1463 974 1545 1029 vel
1573 980 1758 1044 posset
1787 988 1956 1043 super
1979 972 2150 1027 alium
2175 971 2418 1028 Calicem
2439 988 2604 1097 Prae—

1463 1051 1718 1114 paratum
1747 1043 2024 1111 int-egram
2057 1040 2294 1097 formam
2331 1058 2436 1112 pro
2461 1056 2604 1109 erre,

1463 1121 1518 1170 et.
1541 1112 1797 1173 Hostiam
1825 1112 1988 1183 primi
2018 1110 2356 1177 Sacerdotis,
2387 1118 2442 1169 et
2466 1112 2605 1168 San-

1459 1183 1684 1307 'guinem
1710 1199 1745 1237 a
1776 1196 1836 1236 se
1860 1189 2246 1236 consecratum
2274 1197 2508 1250 sumere,
2540 1198 2606 1237 ac

1498 1251 1664 1307 einde
1701 1250 1946 1307 Calicem
1979 1249 2239 1307 relictum
2275 1252 2606 1307 semiconse-

1463 1329 1694 1378 eratum.

1529 1396 1579 1447 4.
1633 1390 1692 1445 Si
1725 1390 1849 1460 quis
1893 1398 2055 1446 extra
2085 1387 2405 1458 hujusmodi
2447 1406 2608 1445 casus

1463 1460 1812 1516 necessitatis
1849 1460 2068 1528 integra
2095 1459 2457 1514 Sacramenta
2495 1475 2604 1515 non

1463 1530 1780 1601 sumpserit,
1808 1528 2138 1598 gravissime
2169 1533 2377 1598 peccat.

1533 1617 1582 1671 5.
1625 1614 1684 1671 Si
1708 1630 1912 1683 musca,
1933 1614 2021 1670 vel
2047 1630 2270 1683 aranea,
2287 1614 2374 1670 vel
2394 1614 2610 1685 aliquid

1463 1684 1620 1742 aliud
1649 1683 1916 1740 ceciderit
1950 1684 2010 1739 in
2037 1681 2284 1741 Calicem
2319 1693 2450 1742 ante
2479 1701 2609 1743 con-

1463 1755 1850 1818 secrationem,
1893 1754 2154 1825 projiciat
2197 1755 2387 1810 vinum
2429 1755 2485 1810 in
2529 1755 2610 1811 lo-

1467 1840 1589 1880 cum
1612 1822 1918 1887 decentem,
1956 1828 2013 1879 et·
2034 1822 2190 1880 aliud
2223 1829 2398 1895 ponat
2423 1824 2480 1880 in
2505 1823 2609 1881 Ca·

1467 1894 1598 1962 lice,
1645 1892 1876 1949 misceat
1919 1908 2116 1963 parum
2157 1908 2352 1964 aquae,
2392 1892 2608 1977 offerat,

1467 1969 1526 2019 ut
1553 1978 1740 2032 supra,
1779 1968 1836 2019 et
1867 1968 2242 2033 prosequatur
2265 1962 2520 2020 Missam:
2559 1981 2608 2019 ει

1471 2038 1594 2103 post
1617 2032 2096 2087 consecrationem
2122 2032 2386 2088 ceciderit.
2406 2050 2610 2095 musca,

1467 2107 1565 2157 aut
1593 2100 1808 2171 aliquid
1841 2100 2128 2169 ejusmodi,
2175 2108 2233 2158 ct
2269 2100 2367 2158 fiat
2403 2118 2611 2159 nausea

1467 2170 1778 2233 Sacerdoti,
1793 2168 2054 2227 extrahat
2076 2184 2216 2237 eam,
2235 2177 2292 2228 et
2315 2171 2466 2228 lavet
2487 2186 2610 2229 eum

1471 2240 1617 2301 vino.
1647 2237 1808 2295 finita
1828 2238 2021 2301 Missa,
2050 2238 2359 2307 comburat,
2384 2250 2438 2298 et
2463 2256 2610 2297 com-

1471 2308 1656 2366 bustio
1699 2324 1766 2364 ac
1809 2308 1948 2365 lotio
1987 2308 2304 2391 hujusmodi
2339 2312 2395 2366 in
2426 2326 2612 2367 sacra-

1471 2379 1617 2435 rium
1635 2379 1983 2449 projiciatur.
2019 2377 2077 2435 S1
2102 2386 2289 2436 autem
2309 2396 2420 2436 non
2440 2378 2612 2437 fuerit

1471 2449 1522 2504 ei
1539 2462 1746 2505 nausea
1765 2462 1868 2503 nec
1883 2448 2058 2504 ullum
2073 2448 2384 2519 periculum
2399 2449 2611 2519 timeat,

1471 2524 1656 2575 sumat
1682 2533 1807 2573 cum
1836 2516 2136 2587 Sanguine.

1539 2604 1589 2660 6.
1628 2601 1688 2659 Si
1719 2602 1933 2675 aliquid
1975 2620 2314 2661 venenosum
2349 2604 2616 2661 ceciderit.

1475 2673 1530 2729 iu
1559 2671 1820 2742 Calicem,
1853 2672 1942 2730 vel
1981 2673 2129 2744 quod
2161 2680 2494 2746 provocaret
2519 2692 2616 2728 vo-

1475 2744 1686 2810 mitum,
1710 2743 1902 2799 vinum
1934 2751 2316 2801 consecratum
2343 2761 2618 2816 reponen-

1475 2813 1602 2868 dum
1625 2821 1710 2869 est
1731 2813 1787 2867 in
1810 2812 1923 2869 alio
1947 2811 2148 2876 Calice,
2173 2821 2230 2870 et
2248 2813 2402 2870 aliud
2426 2816 2616 2870 vinum

1475 2899 1596 2939 cum
1637 2898 1784 3007 aqua
1823 2883 2216 2953 apponendum
2262 2883 2444 2940 ‹ienuo
2489 2900 2619 2940 con-

1475 2967 1691 3008 secrant
1713 2968 1834 3007 um:
1880 2959 1936 3007 et
1969 2951 2132 3008 finita
2167 2953 2344 3010 Missa
2381 2953 2620 3024 Sanguis

1479 3022 1756 3093 repositus
1784 3022 1841 3076 in
1874 3038 2060 3092 panno
2085 3023 2260 3086 lineo,
2297 3023 2382 3079 vel
2418 3030 2620 3104 stuppa

1479 3090 1693 3146 tamdiu
1728 3099 2009 3150 servetur.
2051 3090 2225 3148 donec
2257 3093 2466 3162 species
2506 3094 2618 3148 vini

1456 3158 1690 3217 ¹fuerint
1743 3158 2081 3217 desiccatae.
2130 3169 2182 3218 et
2233 3168 2366 3218 tunc
2418 3169 2620 3233 stuppa

1479 3228 1860 3298 comburatur,
1896 3237 1953 3286 et
1990 3230 2302 3288 combustio
2341 3232 2397 3286 in
2438 3247 2622 3287 sacra-

1479 3300 1626 3356 rium
1655 3299 2002 3370 projiciatur.

1551 3388 1600 3441 7.
1640 3384 1698 3441 Si
1736 3385 1964 3456 aliquod
2003 3393 2340 3442 venenatum
2380 3387 2623 3452 contige-

1479 3455 1559 3511 rit
1587 3453 1842 3511 Hostiam
1871 3463 2281 3512 consecratam.
2316 3463 2450 3511 tunc
2486 3454 2626 3510 alte-

1480 3540 1604 3580 ram
1652 3531 1958 3592 consecret,
2005 3531 2063 3580 ct
2110 3533 2291 3581 sumat.
2332 3542 2399 3580 eo
2443 3523 2626 3594 mode,

1482 3610 1592 3664 quo
1613 3594 1825 3650 dictum
1852 3601 1953 3656 est,
1973 3601 2028 3650 et
2046 3593 2146 3650 illa
2175 3602 2431 3650 servetur
2455 3596 2511 3649 in
2544 3601 2626 3650 ta·

1482 3661 1788 3719 bei-naculo
1803 3663 1926 3719 loco
1937 3671 2215 3733 separata.
2225 3663 2401 3720 donec
2415 3685 2440 3718 s
2469 3665 2628 3718 ‚ecies

1484 3739 1936 3804 corrumpantur,
1985 3740 2038 3789 et
2081 3740 2382 3804 corruptae
2465 3732 2628 3788 einde

1485 3803 1785 3860 mittantur
1810 3802 1867 3858 in
1893 3803 2219 3859 sacrarium.

1556 3891 1607 3945 8.
1650 3887 1708 3944 Si
1745 3889 2013 3945 sumendo
2045 3888 2411 3960 Sanguinem.
2453 3889 2630 3959 parti·

1487 3959 1616 4015 cula
1651 3959 1988 4015 remanserit.
2021 3959 2078 4014 in
2109 3958 2314 4027 Calice,
2345 3957 2520 4026 digito
2558 3958 2630 4013 ad

1487 4026 1698 4084 labium
1721 4027 1926 4084 Calicis
1947 4045 2070 4084 eam
2093 4028 2349 4086 adducat.
2371 4036 2420 4083 et
2447 4035 2632 4084 sumat

1488 4103 1621 4153 ante
1647 4097 2115 4169 purificationem.
2148 4097 2236 4153 vel
2269 4091 2526 4154 infundat
2553 4097 2633 4152 vi-

1470 4183 1640 4224 num.
1667 4173 1724 4223 et.
1746 4175 1944 4224 sumat.

1561 4241 1611 4292 9.
1631 4227 1638 4234 ’
1662 4235 1721 4291 Si
1757 4237 1959 4294 Hostia
1988 4244 2120 4294 ante
2153 4237 2634 4294 consecrationem

1492 4306 1813 4362 inveniatur
1835 4303 2156 4388 fracta2nisi
2177 4307 2387 4388 populo
2410 4306 2636 4362 eviclen-

1494 4383 1585 4432 ter
1615 4383 1906 4448 appareat,
1941 4375 2074 4432 talis
2105 4375 2310 4432 Hostia
2347 4389 2637 4432 consecre-

2328 4475 2360 4518 e
