3025 5400
586 520 673 583 Ritus
696 520 865 581 celebrandi
890 520 1023 583 Missam.

220 624 296 707 Papa
308 630 404 679 nostro
413 624 446 679 X.
457 632 484 681 et
494 622 632 681 ⁴iniistite
641 620 791 691 uostruX,
813 620 892 679 dium
904 620 1022 693 Altaria,
1035 620 1113 679 uteie
1127 620 1239 705 accepit
1253 616 1390 695 panemin
1433 596 1437 645 ³·

208 694 289 752 diest:
306 712 432 751 revicerunt
444 691 791 764 rucindignolirmulotuo,
817 698 928 751 sanctas
947 708 979 751 ac
999 690 1177 751 venerabiles
1198 708 1300 751 nranus
1321 708 1391 761 suas,

219 780 299 835 rpem
312 766 388 835 meai
402 774 451 823 tuo
462 780 591 835 praeesse
600 763 726 822 voluisti.
747 760 788 819 Et
814 760 981 843 elevansque
996 760 1033 817 ad
1046 760 1157 843 ορθξιιω
1170 758 1279 829 oculos,
1291 762 1321 815 et
1334 764 1388 817 sta·
1434 798 1437 805 ·

209 834 378 891 continuant
395 848 502 903 omncs,
526 838 559 890 nt
579 831 720 903 sequitur:
752 831 792 889 Et
813 831 865 889 tim
877 830 1036 901 demittens,
1051 829 1136 889 drcrt:
1153 838 1181 891 et
1196 830 1315 891 elevatis
1329 848 1390 891 ocu·
1435 898 1437 903 ,

220 904 349 961 erunibus
362 904 587 963 ortlmlurisetc.
819 905 853 963 lis
875 904 905 962 in
927 904 1034 963 coelum
1060 904 1095 961 ad
1119 910 1147 963 te
1166 904 1260 961 Deum
1279 902 1388 979 Potrerp
1435 950 1437 955 .

243 974 268 1030 3.
297 971 367 1030 Cum
390 972 473 1029 dicit:
504 976 649 1034 Memento
662 972 791 1039 Ilomiue,
818 993 898 1033 sirum
918 974 1139 1052 omnipotentem
1157 972 1318 1051 ‘caputque
1339 964 1388 1023 ⁸¹¹·

209 1042 322 1099 elevans
343 1048 370 1099 et
386 1044 508 1113 jungens
527 1056 627 1098 manus
644 1039 786 1111 usquead
813 1018 1215 1119 quantulummelmanspircrt:
1228 1042 1390 1119 tetigt-,stiae

208 1111 317 1175 faciem,
332 1111 377 1168 vel
394 1120 500 1183 pectus,
517 1112 559 1167 sic
570 1111 677 1182 junctis
697 1110 786 1167 mani·
818 1132 920 1189 agens,
933 1116 962 1167 et
977 1116 1081 1191 ,tenens
1093 1108 1226 1191 H⁰itiffl
1241 1112 1318 1165 mter
1330 1103 1389 1179 pol-

208 1180 261 1239 bus
274 1188 332 1239 stat.
345 1182 489 1252 paulisper
502 1181 531 1237 in
544 1180 651 1305 pulete,
664 1178 785 1237 demisso
813 1178 895 1236 licem
922 1186 950 1237 et
975 1178 1096 1237 mdrcem
1124 1184 1260 1237 smrstrac
1284 1190 1388 1243 manua

208 1250 416 1323 aliquantulum
428 1251 530 1321 eapite,
556 1251 651 1306 aciens
666 1265 786 1307 commc-
812 1247 932 1307 dextera
948 1248 1082 1321 producit
1101 1248 1213 1319 signum
1228 1244 1328 1305 Crucis
1346 1260 1388 1303 sn-

208 1322 395 1378 morationem
405 1320 535 1377 vivorum
542 1318 650 1377 Christi
660 1317 784 1376 fidelium
812 1334 864 1390 per
877 1335 946 1389 eam,
961 1318 1072 1377 dicens:
1092 1322 1164 1381 berre
1177 1322 1196 1393 †
1208 1324 1290 1395 dixit,
1302 1320 1389 1451 mrim

208 1390 785 1462 odsuomvoluntatemquorumnomina.
823 1394 956 1465 deditque
969 1394 1036 1452 disci
1059 1394 1113 1453 ulis
1128 1396 1194 1465 suis,
1214 1394 1325 1453 dicens:
1365 1408 1389 1449 c·

209 1462 234 1519 si
245 1461 314 1530 vult,
324 1466 434 1517 secroto
447 1465 660 1516 commemoret:
672 1476 729 1517 non
743 1465 786 1517 ta·
818 1466 844 1522 ci
858 1464 904 1522 ute
927 1472 954 1523 et
966 1414 1133 1524 manciucate
1147 1482 1180 1523 ex
1194 1464 1248 1525 hoo
1261 1480 1365 1523 omues.

208 1546 271 1587 men
293 1546 406 1587 necesse
424 1535 466 1586 est
489 1544 523 1585 ea
544 1529 711 1600 exprimere,
735 1529 786 1586 sed
847 1482 872 1585 b.
898 1510 928 1585 Si
947 1526 1022 1587 adsit
1039 1544 1090 1587 vas
1110 1544 1174 1587 cnm
1197 1528 1264 1587 aliis
1281 1528 1389 1613 ⁸Hostiia

209 1607 303 1657 mente
316 1605 427 1657 tantum
441 1616 538 1656 eorum
554 1600 719 1656 memoriam
736 1599 786 1656 ha·
813 1597 1020 1669 consecrandis,
1033 1606 1184 1671 antequam
1197 1600 1322 1671 accipiat
1334 1598 1390 1657 llo-

207 1668 282 1728 beat..
306 1670 404 1727 Potest
416 1670 502 1726 etiam
515 1667 678 1737 Celebrans,
691 1670 715 1725 si
733 1685 785 1741 pro
813 1668 905 1737 stiam,
917 1667 1090 1740 discooperit
1104 1684 1189 1725 manu
1207 1666 1327 1727 dextera
1339 1666 1389 1727 eo·

210 1740 339 1813 pluribus
358 1756 440 1796 orare
458 1739 595 1808 intendit,
613 1754 650 1794 ne
666 1739 786 1795 circum·
814 1737 903 1807 licem,
928 1754 977 1795 seu
1000 1755 1050 1797 vas
1073 1738 1195 1795 aliarum
1214 1738 1388 1797 Hostiarum.

208 1809 351 1868 stantibus
363 1811 401 1867 sit
422 1824 549 1866 morosus
582 1814 648 1865 aute
666 1809 785 1866 Missam
814 1807 883 1864 Cum
896 1814 991 1865 autem
1005 1806 1111 1866 finierit
1120 1808 1286 1881 supradicta
1296 1806 1389 1879 verba,

208 1881 237 1937 in
250 1882 344 1937 animo
357 1894 517 1951 proponere
530 1852 585 1935 sibi
606 1894 703 1935 onmes
721 1878 785 1936 illos
813 1877 917 1935 cubitis
928 1894 1013 1949 super
1023 1877 1123 1935 Altare
1133 1878 1245 1951 positis,
1256 1884 1335 1937 stans
1345 1894 1389 1937 ca·

208 1958 266 2007 tam
282 1952 369 2017 vivos,
383 1966 466 2021 quam
480 1944 637 2017 defunctos,
658 1964 710 2020 pro
724 1949 785 2021 qui·
813 1946 871 2019 pite
890 1947 1035 2011 inclinato.
1055 1947 1197 2019 distincte,
1217 1956 1388 2019 reverenter,

208 2018 260 2076 bus
279 2019 307 2075 iu
326 2019 388 2090 ipsa
399 2018 489 2075 Missa
502 2033 585 2074 orare
603 2017 739 2088 intendit,
757 2024 786 2076 et
813 2023 841 2074 et
855 2023 964 2075 secreto
997 2015 1087 2076 refert
1101 2016 1188 2075 verba
1201 2018 1389 2077 consecratio·

208 2088 262 2146 hoc
282 2090 345 2145 loco
361 2088 534 2170 generaliter
551 2088 635 2145 unico
650 2093 785 2145 contextu
812 2087 857 2144 nis
878 2104 962 2159 super
1011 2086 1126 2153 ostiam,
1148 2093 1176 2145 et
1200 2088 1284 2146 simul
1307 2104 1340 2147 sn

208 2159 333 2231 ipsorum
347 2174 476 2215 vivorum
489 2158 785 2215 commemorationem
814 2173 919 2221 omues,
934 2158 957 2214 si
978 2157 1072 2229 plures
1089 2158 1145 2215 sint
1166 2174 1322 2217 consecrari
1360 2174 1388 2225 e:
1418 2164 1425 2181 “

208 2244 301 2299 agere,
313 2245 366 2299 pro
380 2226 482 2299 quibus
494 2234 561 2283 ante
571 2227 689 2285 Missam
702 2243 786 2284 orare
813 2231 842 2283 et
864 2226 993 2285 Hostiam
1014 2242 1093 2285 suam
1120 2225 1273 2301 pollicibus
1299 2233 1328 2287 et
1348 2229 1390 2287 in·

210 2298 359 2371 proposuit.
371 2298 399 2353 in
415 2297 511 2354 lllissa.
813 2295 924 2354 dinibus
940 2303 1051 2354 tanturn
1070 2303 1184 2368 tenens,
1208 2298 1294 2356 dicit:
1332 2302 1393 2361 Hoc

244 2374 269 2425 4.
283 2368 556 2425 Commemoratione
565 2364 785 2437 vivorumiacta,
819 2382 863 2431 est
875 2373 949 2431 onim
963 2374 1072 2446 (lorpus
1084 2388 1183 2431 meum.
1204 2366 1314 2439 Quibus
1326 2384 1390 2443 pro·

209 2438 345 2507 demissis,
359 2444 387 2495 et
401 2437 533 2506 extensis,
548 2442 579 2493 ut
592 2438 680 2509 prius,
696 2439 785 2495 niani·
815 2434 1049 2499 latis,Celebrans
1064 2436 1303 2497 tenensllostlam
1316 2438 1390 2497 inter

211 2506 276 2573 bers,
297 2508 458 2564 continuat:
488 2510 520 2567 ld
536 2510 658 2567 orvruium
673 2511 791 2568 cirrum·
814 2505 930 2578 pellices
953 2514 980 2564 et
999 2506 1106 2565 indices
1123 2506 1287 2579 praedictos
1307 2524 1392 2583 super

217 2580 412 2636 stantiumetc.
443 2576 581 2633 Similiter
594 2582 675 2632 stans
690 2592 786 2647 prose
814 2575 927 2647 Aiane,
948 2576 1064 2647 reliquis
1076 2592 1211 2634 nronuum
1232 2576 1260 2635 di
1283 2578 1329 2637 'tis
1345 2594 1391 2637 ex·

210 2646 321 2704 ruitur:
346 2650 600 2709 t'ouuumvieuntes
628 2644 697 2703 Cum
716 2645 785 2704 dicit
814 2646 916 2714 tensis,
942 2653 971 2704 et
989 2645 1073 2704 simul
1086 2646 1194 2719 junctis
1214 2646 1255 2718 (et
1302 2648 1391 2720 ostiis,

217 2668 284 2773 ium
299 2720 501 2787 (simidicoput
513 2716 596 2774 Cruci
609 2716 742 2774 inclinat:
755 2717 785 2773 in
814 2717 837 2773 si
850 2716 945 2788 plures
960 2719 1017 2775 sint
1029 2723 1219 2789 consecratae,
1232 2719 1262 2776 in
1278 2719 1350 2790 loco,
1362 2719 1391 2776 in

218 2859 339 2926 ‹leruprm
361 2857 500 2914 'tmanus
527 2856 596 2912 (lum
610 2856 693 2912 dim:
709 2861 791 2918 Hunc
814 2872 899 2982 super
925 2857 1071 2930 peperolo,
1082 2857 1125 2914 vel
1138 2858 1167 2914 in
1212 2858 1240 2915 io
1253 2875 1329 2930 vase,
1341 2866 1390 2918 aut

216 2929 303 2996 iqiuu·
325 2873 512 2999 «vitiationem,
531 2926 667 2998 experndit
686 2941 787 2982 ritanus
815 2927 853 2982 (la
867 2927 909 2984 icc
923 2925 1064 2997 demissis)
1077 2925 1241 2996 genuflexus
1252 2929 1388 2988 eamado·

210 2993 293 3052 simul
308 3011 393 3066 super
404 2993 555 3059 oblata,ita
566 3001 596 3052 ut
609 2995 719 3067 palume
729 2996 788 3052 sint
814 3003 867 3054 rut.
894 2995 973 3053 Tunc
985 3012 1015 3052 se.
1028 2998 1147 3068 erigens,
1166 3003 1306 3122 quantum
1316 3015 1388 3058 com·

210 3070 326 3120 avertac
343 3081 440 3121 versus
459 3082 493 3122 ac
512 3081 598 3136 supra
616 3064 738 3123 Calicem
759 3071 787 3121 et¹
814 3065 1143 3138 rnudepotest,elevatin
1155 3083 1171 3123 a
1183 3074 1244 3125 tum
1251 3067 1388 3139 Hostiam,

238 3134 338 3190 ostiam
361 3152 431 3205 quam
444 3136 484 3192 sic
497 3141 575 3192 tenet
587 3151 675 3208 usque
687 3135 724 3192 ad
737 3134 787 3191 illa
814 3143 842 3192 et
858 3137 975 3193 intentis
988 3136 1017 3192 in
1031 3153 1093 3194 eam
1106 3136 1195 3194 oculis
1211 3135 1300 3210 (quod
1313 3147 1341 3198 et
1360 3139 1387 3196 in

212 3203 312 3259 verba:
338 3179 390 3260 im·
410 3206 552 3263 timidum
576 3207 723 3266 llomimrm
741 3225 790 3266 ιιυ-
814 3205 972 3262 elevatione
984 3205 1087 3263 Culicis
1099 3204 1301 3334 fatitidlioruio
1312 3223 1388 3268 rere·

216 3272 399 3332 summ'l'uuc
409 3275 484 3330 euim
490 3275 584 3346 jungit
594 3290 701 3344 uranus,
709 3281 736 3332 et
746 3276 787 3332 sic
814 3282 911 3333 renter
930 3275 1053 3332 ostendit
1070 3277 1178 3332 adoran
1217 3292 1259 3334 m:
1280 3285 1309 3336 et
1325 3295 1388 3336 mox

214 3343 506 3418 prosequitur:t,tuam
515 3347 685 3406 eiulationum
699 3349 789 3406 mlle-
814 3345 875 3402 solt
887 3361 972 3402 manu
984 3347 1102 3402 dexteru
1115 3347 1205 3419 ipsam
1225 3355 1389 3406 reverenter

217 3431 248 3468 us
262 3415 286 3468 iu
300 3413 787 3486 orrruilms.epuresumusetcumdi·
814 3416 927 3488 reponit
953 3431 1038 3488 serpet·
1068 3416 1216 3488 curqmrale
1240 3417 1269 3476 in
1294 3419 1387 3478 eodem

212 3483 265 3539 cit:
295 3485 363 3542 nme
379 3487 397 3552 i·
415 3487 534 3544 dutum.
560 3487 652 3545 avtseri
671 3489 690 3556 i·
703 3501 790 3560 primu,
815 3484 877 3542 loco
897 3484 970 3542 unde
992 3502 1053 3542 earu
1071 3485 1189 3550 levavit,
1210 3492 1240 3544 et
1258 3486 1389 3572 deinceps

217 3571 246 3608 m
261 3553 279 3616 i·
292 3561 358 3612 tarni.
369 3553 555 3611 communiter
568 3555 658 3636 signat
679 3560 724 3611 ter
742 3572 787 3611 su·
816 3554 932 3627 pollices
948 3562 976 3613 et.
993 3554 1099 3613 indices
1113 3573 1170 3613 non
1180 3555 1388 3630 disiungitmsi

213 3623 788 3693 perllostium,ctCalicemsrmulzdeiude
815 3623 1389 3700 ‹prrandollestiamconsecratamtangere,

215 3709 278 3749 cum
295 3693 379 3749 dicit:
396 3701 424 3752 ut
445 3695 532 3753 uolds'
545 3697 600 3754 (for
614 3712 662 3758 ms,
675 3711 788 3766 separa·
816 3695 860 3751 vel
875 3702 999 3752 tractare
1011 3693 1095 3752 debet
1110 3713 1128 3752 u
1162 3713 1197 3753 ue
1214 3695 1252 3754 ab
1270 3696 1390 3757 ablutio

213 3764 264 3820 tim
276 3764 368 3834 signat
384 3763 468 3819 semel
485 3714 709 3835 superliostiom
725 3771 788 3820 tuu-
815 3781 879 3820 nem
891 3764 1044 3836 digitorum
1078 3772 1122 3823 ost
1158 3767 1375 3826 ommunionem.

213 3839 286 3899 tum;
306 3839 408 3890 etcum
424 3831 505 3889 dicit:
520 3839 546 3892 ct
563 3834 681 3892 Scrrmuis
702 3835 788 3890 semel
850 3837 874 3891 o.
893 3834 1028 3906 lteposita
1041 3783 1143 3893 libstia
1162 3843 1331 3896 consecrata
1346 3855 1389 3896 su·

213 3919 298 3973 super
317 3902 440 3959 (inlicem
458 3908 582 3960 tanturn:
608 3880 709 3960 ‹einrie
733 3903 789 3960 cle
816 3921 867 3976 per
880 3905 1042 3975 corpomle,
1059 3903 1223 3976 genuflexus
1242 3907 1335 3982 ipsam
1347 3923 1391 3964 re

215 3989 296 4042 vans,
327 3979 354 4030 et
373 3973 496 4042 ,iungens
522 3989 621 4029 manus
649 3980 715 4030 ante
741 3991 789 4054 pe·
816 3981 947 4031 noratur:
963 3975 986 4030 si
1000 3974 1072 4032 adsit
1087 3975 1269 4034 vasallorum
1278 3977 1392 4036 Hostia·

214 4047 289 4102 ctus.
320 4043 514 4114 prosequitur:
542 4041 587 4098 liat
615 4041 788 4100 dileetissmri
817 4061 888 4110 ruru,
912 4043 1018 4101 Putena
1043 4045 1090 4102 vel
1108 4044 1189 4102 Palla
1206 4047 1344 4122 cooperit,
1362 4054 1392 4105 ut

218 4111 282 4166 l'ilii
303 4113 342 4168 mi
357 4113 470 4169 lluruiui
491 4111 660 4170 rrvvstridesu
675 4113 790 4182 (luisti,
817 4129 910 4185 supra.
943 4113 1061 4172 Interim
1079 4115 1145 4172 dum
1165 4115 1320 4176 Celebrans
1339 4117 1393 4175 ele·

214 4186 242 4238 et
254 4181 393 4237 inclinans
405 4190 491 4253 caput
501 4182 598 4252 Cruci,
613 4184 749 4254 extergit,
765 4182 789 4240 si
816 4189 865 4240 vat
874 4183 1013 4248 Hostiam,
1022 4201 1140 4242 accenso
1154 4187 1233 4258 prius
1246 4187 1394 4246 intort-ioio

214 4267 285 4322 opus
304 4247 402 4318 fuerit,
423 4250 540 4322 pollices
561 4259 588 4310 et
617 4253 723 4310 indices
743 4271 789 4309 su·
818 4253 904 4324 (quod
920 4270 975 4311 non
985 4255 1170 4336 extinguitur,
1179 4255 1234 4314 nisi
1244 4263 1394 4330 postquam

215 4336 266 4392 per
287 4320 449 4392 corporale,
470 4329 498 4378 ct
519 4322 587 4379 dieit
609 4330 732 4385 secreto,
759 4330 788 4380 ut
817 4323 954 4380 Sacerdos
967 4323 1137 4395 Sanguinem
1162 4327 1328 4398 sumpserit,
1348 4327 1394 4384 vel

215 4391 307 4461 prius:
333 4395 385 4470 tpui
405 4391 497 4462 pridie
519 4407 602 4460 qurum
629 4399 789 4474 pateretur3
817 4394 888 4449 alius
906 4395 1168 4460 communicaverit,
1191 4396 1214 4453 si
1237 4397 1285 4468 qui
1310 4405 1395 4456 erunt

215 4467 244 4516 et
257 4458 554 4586 accipiensfmlliccet
577 4461 669 4518 indico
692 4460 789 4518 dexte-
817 4463 1042 4520 cormuunieaudi
1072 4464 1101 4520 in
1130 4463 1231 4536 Missa)
1263 4465 1395 4526 minister

215 4547 265 4586 rue
286 4545 385 4586 manus
421 4529 549 4601 lostiam,
577 4539 605 4589 et.
637 4548 698 4588 eam
726 4549 791 4588 omn
817 4548 901 4589 manu
916 4534 1032 4590 sinistra
1047 4533 1138 4592 elevat
1150 4531 1278 4594 fimbrias
1353 4543 1396 4596 te·

218 4599 289 4665 illis,
316 4615 349 4656 ac
371 4599 464 4656 indice
483 4607 510 4658 et
532 4600 636 4672 pollice
657 4601 790 4660 sinistrae
818 4604 908 4659 riores
922 4602 1066 4669 Planetoe,
1085 4619 1121 4660 ne
1139 4604 1230 4677 ipsum
1243 4603 1311 4665 Gele
1364 4625 1397 4666 n·

205 4677 428 4736 manusteneas,
439 4675 519 4729 stans
529 4677 641 4730 erectus
654 4677 720 4730 ante
734 4689 792 4729 me·
818 4679 876 4729 tem
893 4673 1029 4744 impediat
1045 4675 1076 4730 in
1094 4674 1253 4734 elevatione
1264 4675 1398 4736 brachio-

797 4785 824 4826 54

209 2786 399 2854 conclusione,
417 2787 529 2858 quando
545 2785 627 2842 dicit:
651 2809 702 2867 pm·
714 2807 791 2848 vrrrm-
814 2803 869 2858 quo
884 2788 1058 2914 aprincipio
1070 2787 1175 2844 Missae
1213 2789 1305 2847 ositae
1324 2795 1389 2848 sunt
