3025 5400
379 554 470 617 Furia
495 556 545 617 IV.
571 558 694 635 majoris
720 558 930 619 liutuluuuutu.
1174 544 1236 613 155

133 648 1237 774 mmmmm

133 790 155 841 n.
200 778 229 847 t:
263 769 313 841 Et
336 770 408 860 ipse
430 771 568 842 avulsus
589 778 642 842 est
669 780 781 843 eutem
804 793 894 859 eum,
925 772 1094 843 duxerunt
1114 770 1156 840 ud
1176 771 1236 841 (lu-

133 858 181 929 eis
204 861 371 949 qnantum
385 859 498 950 jactus
518 866 571 930 est
590 859 641 931 lu·
668 881 757 930 mum
794 861 961 950 Piiucipis
1001 859 1235 929 sacerdttum:

133 966 171 1033 s,
201 952 237 1015 et
262 946 382 1035 pusitis
401 947 545 1035 genibus
564 950 641 1016 ort-
668 948 790 1018 Petrus
839 969 919 1018 vem
969 947 1174 1036 sequebatur
1215 966 1236 1015 a

133 1030 303 1120 ,dieenst
335 1046 355 1122 ᾗ·
377 1032 495 1122 Peter,
528 1036 556 1105 si
578 1035 640 1122 vie,
668 1036 778 1124 longe.
824 1038 976 1107 Aesimum
1010 1041 1122 1105 autem
1158 1034 1236 1123 igne

133 1119 217 1191 isser
239 1121 381 1192 cilicem
403 1123 506 1193 istum
528 1144 546 1193 a
567 1143 639 1192 me:
668 1125 701 1193 in
717 1123 826 1194 medio
843 1125 922 1194 eti-ii
938 1133 972 1194 et
987 1121 1235 1193 circumseden-

133 1212 307 1281 nmttu'nen
330 1230 397 1279 non
418 1230 495 1280 meu
522 1210 641 1281 volim-
667 1213 760 1283 tibus
779 1211 854 1297 illis,
878 1218 952 1282 erat
973 1210 1094 1281 Petrus
1113 1211 1145 1279 in
1165 1212 1235 1279 me·

152 1295 217 1366 sed
237 1304 301 1367 tua
322 1296 393 1367 fiet.
420 1306 447 1373 C
469 1298 642 1387 Apptruit
668 1298 724 1369 diu
746 1299 871 1369 etuum.
908 1299 1013 1387 Quem
1036 1318 1110 1368 cum
1130 1298 1235 1368 vidIs·

133 1404 180 1455 em
212 1384 265 1455 illi
294 1384 445 1473 Angelus
476 1385 518 1455 de
546 1385 640 1473 coelu,
668 1393 721 1457 set
739 1386 860 1457 aneilla
884 1386 1037 1476 quedam
1061 1384 1234 1455 sedentem

133 1470 266 1543 inntens
284 1492 372 1541 eum.
410 1472 458 1543 Et
479 1471 588 1544 iectus
607 1473 641 1542 in
668 1474 712 1545 ed
732 1474 861 1562 lumen,
890 1482 925 1545 et
950 1494 1025 1544 eum
1047 1473 1166 1543 fuisset
1183 1474 1234 1543 in-

133 1562 197 1646 uia,
228 1558 397 1649 prolixius
417 1561 548 1631 urebat.
596 1561 643 1631 Et
667 1563 772 1649 tuitu,
807 1561 909 1632 dixit:
947 1573 969 1639 s,
999 1560 1046 1631 Et
1076 1561 1131 1631 hie
1159 1582 1234 1631 cum

133 1668 174 1717 us
204 1654 262 1717 est
291 1645 396 1718 sudor
425 1648 520 1737 ejuS‚
555 1650 643 1719 sicut
668 1649 725 1719 illo
746 1655 831 1719 erat.
878 1662 904 1729 υ
936 1650 983 1719 At
1014 1648 1070 1717 ille
1099 1649 1236 1737 negavit

133 1744 171 1805 ιω
187 1737 252 1805 sun
304 1736 311 1749 '
339 1735 642 1807 'sdemmtntisin
669 1758 763 1823 eum,
793 1737 921 1807 dicens:
955 1751 977 1811 s·
1003 1736 1144 1821 Mulier,
1168 1756 1234 1804 non

133 1842 208 1893 nm.
276 1822 306 1892 't
334 1843 409 1895 eum
438 1826 643 1895 surrexIsset
667 1824 746 1894 novi
768 1825 871 1894 illum.
918 1824 964 1894 Et
982 1829 1059 1912 post
1077 1822 1236 1924 pusillum

133 1910 293 1999 tmtiune,
312 1918 348 1981 et
366 1914 516 1982 venisset
531 1910 573 1981 ad
591 1910 641 1981 ‹li-
669 1911 756 1981 tulius
777 1912 896 1981 videns
916 1932 1001 2000 eum,
1023 1910 1123 1980 dixit:
1151 1924 1173 1991 s
1190 1908 1237 1979 Et

133 1999 216 2069 ulos
236 2018 327 2086 sune,
346 1999 475 2070 invenit
490 2020 548 2069 eus
563 1998 641 2069 dur·
669 1999 769 2070 tude
789 2000 855 2069 illis
875 2019 920 2068 es.
974 2010 999 2080 (Ἴ
1014 1998 1137 2068 Petms
1155 2017 1236 2068 vero

133 2094 209 2157 ntes
232 2106 307 2187 pree
325 2087 487 2189 tristitie
513 2086 570 2227 ⁹Et
594 2088 642 2157 ait
669 2088 745 2188 asti
766 2104 787 2169 s
805 2086 835 2159 Ο
856 2088 966 2169 humo,
996 2107 1062 2156 non
1082 2107 1164 2186 sum.
1214 2096 1239 2167 (f

133 2172 338 2350 ,unffi
352 2173 546 2334 tutu„
566 2178 642 2331 tt:
669 2174 915 2364 ἓὲίέἓῖθῗὲιῗέἒ
930 2172 1236 2361 tiitiitfflait'iifi

133 2350 244 2419 inem.
289 2354 316 2423 t'
354 2349 478 2421 Adhuc
514 2370 554 2419 eo
592 2350 641 2419 lo·
669 2351 744 2437 bat,
780 2349 908 2421 dicens:
948 2348 1089 2429 &Vere
1118 2354 1153 2417 et
1182 2347 1236 2419 hic

133 2444 212 2525 nte,
249 2456 329 2509 eece
358 2439 478 2509 turbu:
520 2442 555 2507 et
584 2437 743 2527 quicum
771 2438 828 2507 illo
860 2443 947 2508 erat:
978 2458 1055 2506 nam
1084 2442 1119 2506 et
1143 2433 1236 2505 Gali-

133 2524 260 2596 ebttur
299 2522 429 2613 Judas,
474 2546 560 2595 unus
599 2524 641 2594 de
668 2526 750 2595 laeus
778 2532 839 2595 est.
890 2538 915 2606 (j
949 2524 997 2593 Et
1022 2526 1071 2594 uit
1091 2524 1234 2594 Petrus:

133 2610 262 2703 decim,
279 2613 501 2684 antecedebat
515 2631 587 2683 eus:
607 2619 642 2682 et
671 2612 828 2699 sH0mu,
848 2612 961 2684 nescio
983 2611 1064 2770 zuid
1086 2611 1178 2682 dicis
1214 2624 1239 2691 (ζ’.

133 2702 359 2791 roqinqutvit
374 2699 468 2789 Jesu,
489 2708 527 2771 ut
544 2722 641 2772 uscu·
667 2699 716 2771 Et
749 2704 906 2772 continuo
943 2699 987 2770 ad
1012 2723 1054 2772 ue
1091 2699 1149 2770 illu
1188 2702 1235 2771 lu·

133 2798 201 2858 tur
224 2809 313 2860 eum.
343 2787 445 2859 Jesus
460 2795 573 2859 autem
589 2788 640 2858 di·
668 2792 793 2877 quente
831 2789 980 2860 cunti-vit
1011 2788 1136 2878 gallus.
1191 2789 1237 2859 Et

134 2875 206 2946 illi:
227 2887 247 2962 ἢ
267 2875 372 3016 Judn3
412 2877 505 2948 scuto
518 2875 640 2946 Filium
668 2879 850 2946 conversus
887 2876 1051 2946 Dtiminus
1087 2877 1237 2967 respexit

133 2965 216 3034 unis
239 2964 364 3034 tradis

133 3071 181 3121 em
220 3051 278 3139 hi,
336 3054 371 3121 ui
409 3053 498 3122 circa
528 3052 639 3140 ipsum
668 3050 792 3121 Petrus
807 3052 903 3122 verbi
920 3052 1063 3136 Dtmini,
1084 3055 1172 3123 sicut
1187 3052 1237 3122 ‹li-

133 3149 176 3226 nt,
202 3139 293 3228 quod
350 3143 465 3210 turum
483 3146 567 3227 erut,
590 3138 641 3209 di·
668 3146 780 3208 xerat:
804 3139 890 3227 Qnia
910 3140 1105 3228 priusquam
1128 3141 1237 3230 gallus

133 3233 195 3296 unt
218 3226 267 3297 ei:
291 3233 313 3300 S
334 3227 488 3314 Dumine,
512 3228 540 3296 si
564 3248 641 3316 pen·
668 3233 792 3315 cantet,
826 3235 880 3296 ter
912 3247 966 3296 me
995 3229 1144 3315 negtbis.
1191 3228 1238 3298 Et

133 3317 217 3383 tmns
233 3314 269 3383 in
288 3314 423 3404 gltdiu?
452 3323 477 3390 (Γ
497 3314 544 3384 Et
563 3334 641 3403 per·
669 3316 826 3404 egressus
860 3314 951 3384 surus
985 3314 1109 3385 Petius
1144 3316 1238 3386 flevit

133 3401 177 3471 sit
206 3421 295 3471 nnus
327 3422 367 3472 ex
401 3402 468 3472 illis
505 3422 641 3490 servum
669 3405 794 3471 emere.
826 3402 875 3472 Et
897 3402 972 3488 uiri,
997 3403 1054 3490 qui
1078 3406 1239 3474 tenebant

133 3488 235 3576 icipis
256 3488 482 3576 secundinum,
512 3499 548 3558 et
571 3511 640 3559 am·
669 3489 773 3578 illum,
795 3489 984 3560 illudebant
1001 3490 1041 3572 ei,
1059 3491 1236 3562 cedentes

133 3577 205 3645 tm
223 3576 409 3646 auriculam
431 3577 504 3665 ejus
521 3576 641 3648 dexte·
669 3577 716 3646 Et
736 3577 934 3646 velaverunt
955 3597 1041 3660 eum,
1063 3585 1098 3647 et
1117 3599 1237 3668 percu·

133 3685 152 3733 ι.
199 3663 420 3753 Respunuens
448 3671 562 3734 autem
581 3663 641 3735 Je-
668 3666 800 3735 tiebant
818 3665 936 3735 ficiem
959 3665 1045 3754 ejus:
1078 3674 1113 3735 et
1133 3669 1237 3737 inter·

133 3752 234 3826 ‚ait:
271 3760 290 3834 ·1·
310 3750 416 3821 Sinite
437 3771 543 3840 usque
565 3751 640 3823 huc.
670 3754 838 3842 rugibant
873 3775 969 3839 eum,
1009 3752 1178 3823 dieentes:
1221 3763 1242 3821 S

133 3835 160 3908 :t
179 3859 255 3910 cum
272 3840 443 3928 tetigisset
457 3838 641 3910 auriculam
669 3840 889 3928 Prophetiza,
925 3840 999 3928 quis
1033 3847 1085 3909 est
1117 3843 1173 3931 qui
1204 3847 1238 3910 te

133 3947 155 4010 ς,
168 3926 300 3996 sentiit
313 3948 399 3996 eum.
420 3927 517 3997 Dixit
529 3933 640 3996 autem
693 3928 861 3997 ercussit?
909 3936 934 4001 (fi
964 3926 1013 3995 Et
1038 3928 1106 4001 ulia
1131 3929 1239 3998 multu

132 4035 173 4084 us
191 4012 237 4083 ad
252 4033 320 4100 eos,
340 4015 398 4103 qui
415 4017 581 4085 venerant
598 4014 641 4085 ad
668 3949 1237 4104 Elasphemtntesdicebuntineum.

148 4101 321 4204 principes
345 4101 578 4190 sucerdttum
608 4109 642 4172 et
669 4102 716 4171 Et
737 4109 776 4171 ut
799 4103 910 4173 fuctus
933 4110 986 4171 est
1009 4102 1092 4190 (lies
1115 4124 1237 4174 conve-

133 4189 290 4276 ustrttus
310 4198 379 4259 tem
405 4189 443 4277 li,
472 4197 507 4259 et
532 4192 641 4260 senii)-
668 4191 790 4259 nerunt
803 4190 953 4259 summus
965 4190 1086 4278 plebis
1099 4200 1133 4261 et
1144 4193 1238 4280 prin-

133 4298 141 4344 :
169 4275 309 4362 tQuasi
330 4210 553 4377 udYatrtnem
570 4280 641 4347 eui·
669 4279 761 4366 cipes
784 4276 1016 4364 saum-dutum,
1045 4287 1080 4347 et
1101 4278 1237 4364 Scribae,

146 4384 226 4434 eum
248 4363 388 4452 gladiis,
415 4372 450 4434 et
472 4363 641 4435 fustibus?
665 4371 705 4443 ,et
735 4365 904 4434 duxerunt
937 4365 1031 4434 illum
1065 4367 1098 4435 in
1128 4368 1238 4437 emmi-

133 4475 150 4522 u
179 4450 334 4542 quotidie
365 4453 539 4523 vobiscum
568 4451 641 4522 fue-
668 4453 749 4522 lium
772 4473 877 4539 suum,
902 4451 1068 4523 dicentes:
1106 4454 1180 4523 SSi
1201 4460 1239 4522 tu

144 4540 183 4609 in
202 4538 340 4628 templu,
358 4561 424 4610 non
440 4539 642 4610 extendistis
669 4561 706 4608 es
727 4539 894 4629 Christus,
919 4539 972 4610 dic
996 4541 1102 4611 nubis.
1148 4539 1174 4602 (¹-
1193 4540 1240 4609 Et

133 4647 188 4698 ms
222 4626 258 4695 in
285 4647 357 4696 me:
395 4627 454 4698 sed
487 4626 560 4699 haec
590 4634 642 4698 est
669 4628 718 4697 eit
751 4628 832 4697 illis:
874 4631 893 4706 *1-
918 4626 952 4696 Si
981 4629 1077 4698 vobis
1109 4625 1237 4714 dixero,

133 4719 298 4800 evestre,
319 4721 354 4782 et
367 4717 525 4800 potestas
544 4721 638 4784 tene·
663 4736 731 4785 non
761 4715 911 4790 credetis
938 4715 1038 4791 mihi:
1072 4717 1105 4792 si
1129 4719 1250 4793 nutem

415 2973 440 3039 (J
476 2962 641 3034 Videntes
669 2963 817 3034 Petrum.
863 2963 912 3034 Et
946 2964 1145 3035 reconditus
1185 2971 1236 3034 est
