<?xml version="1.0" encoding="UTF-8"?>
<!DOCTYPE html PUBLIC "-//W3C//DTD XHTML 1.0 Transitional//EN"
    "http://www.w3.org/TR/xhtml1/DTD/xhtml1-transitional.dtd">
<html xmlns="http://www.w3.org/1999/xhtml" xml:lang="en" lang="en">
 <head>
  <title>
</title>
<meta http-equiv="Content-Type" content="text/html;charset=utf-8" />
  <meta name='ocr-system' content='tesseract 3.04.00' />
  <meta name='ocr-capabilities' content='ocr_page ocr_carea ocr_par ocr_line ocrx_word'/>
</head>
<body>
  <div class='ocr_page' id='page_1' title='image "./missaleromanume00churgoog_0062.png"; bbox 0 0 3025 5400; ppageno 0'>
   <div class='ocr_carea' id='block_1_1' title="bbox 539 702 981 767">
    <p class='ocr_par' dir='ltr' id='par_1_1' title="bbox 539 702 981 767">
     <span class='ocr_line' id='line_1_1' title="bbox 539 702 981 767; baseline 0.005 -4"><span class='ocrx_word' id='word_1_1' title='bbox 539 702 628 763; x_wconf 76' lang='lat' dir='ltr'><strong>Ritus</strong></span> <span class='ocrx_word' id='word_1_2' title='bbox 652 703 820 765; x_wconf 82' lang='lat' dir='ltr'><strong>celebrandi</strong></span> <span class='ocrx_word' id='word_1_3' title='bbox 846 706 981 767; x_wconf 80' lang='lat' dir='ltr'><strong>Missam.</strong></span> 
     </span>
    </p>
   </div>
   <div class='ocr_carea' id='block_1_2' title="bbox 163 787 1348 2543">
    <p class='ocr_par' dir='ltr' id='par_1_2' title="bbox 163 787 1348 2543">
     <span class='ocr_line' id='line_1_2' title="bbox 296 787 1346 868; baseline 0.003 -17"><span class='ocrx_word' id='word_1_4' title='bbox 296 791 336 851; x_wconf 87' lang='lat' dir='ltr'><strong>od</strong></span> <span class='ocrx_word' id='word_1_5' title='bbox 352 800 382 851; x_wconf 90' lang='lat' dir='ltr'><strong>et</strong></span> <span class='ocrx_word' id='word_1_6' title='bbox 393 787 463 850; x_wconf 80' lang='lat' dir='ltr'><strong>iacit</strong></span> <span class='ocrx_word' id='word_1_7' title='bbox 474 792 504 851; x_wconf 91' lang='lat' dir='ltr'><strong>in</strong></span> <span class='ocrx_word' id='word_1_8' title='bbox 518 792 678 854; x_wconf 80' lang='lat' dir='ltr'><strong>elevatione</strong></span> <span class='ocrx_word' id='word_1_9' title='bbox 690 795 744 855; x_wconf 84' lang='lat' dir='ltr'><strong>Ga·</strong></span> <span class='ocrx_word' id='word_1_10' title='bbox 770 812 831 855; x_wconf 89' lang='lat' dir='ltr'><strong>cem</strong></span> <span class='ocrx_word' id='word_1_11' title='bbox 843 795 1017 868; x_wconf 74' lang='lat' dir='ltr'><strong>discooperit</strong></span> <span class='ocrx_word' id='word_1_12' title='bbox 1035 801 1064 853; x_wconf 90' lang='lat' dir='ltr'><strong>et</strong></span> <span class='ocrx_word' id='word_1_13' title='bbox 1078 794 1219 868; x_wconf 81' lang='lat' dir='ltr'><strong>cooperit,</strong></span> <span class='ocrx_word' id='word_1_14' title='bbox 1237 801 1266 853; x_wconf 90' lang='lat' dir='ltr'><strong>et</strong></span> <span class='ocrx_word' id='word_1_15' title='bbox 1282 811 1346 854; x_wconf 88' lang='lat' dir='ltr'><strong>cum</strong></span> 
     </span>
     <span class='ocr_line' id='line_1_3' title="bbox 292 861 1345 939; baseline 0.005 -20"><span class='ocrx_word' id='word_1_16' title='bbox 292 878 380 919; x_wconf 89' lang='lat' dir='ltr'><strong>manu</strong></span> <span class='ocrx_word' id='word_1_17' title='bbox 393 861 512 920; x_wconf 89' lang='lat' dir='ltr'><strong>dextera</strong></span> <span class='ocrx_word' id='word_1_18' title='bbox 523 863 619 937; x_wconf 87' lang='lat' dir='ltr'><strong>pulsat</strong></span> <span class='ocrx_word' id='word_1_19' title='bbox 632 882 743 939; x_wconf 87' lang='lat' dir='ltr'><strong>campa·</strong></span> <span class='ocrx_word' id='word_1_20' title='bbox 771 862 1123 935; x_wconf 82' lang='lat' dir='ltr'><strong>Celebrantegenullectit.</strong></span> <span class='ocrx_word' id='word_1_21' title='bbox 1151 862 1345 924; x_wconf 83' lang='lat' dir='ltr'><strong>Subdiaconus</strong></span> 
     </span>
     <span class='ocr_line' id='line_1_4' title="bbox 163 931 1345 1008; baseline 0.003 -20"><span class='ocrx_word' id='word_1_22' title='bbox 163 931 260 989; x_wconf 82' lang='lat' dir='ltr'><strong>nularn</strong></span> <span class='ocrx_word' id='word_1_23' title='bbox 269 932 597 1006; x_wconf 80' lang='lat' dir='ltr'><strong>terailnnamquamque</strong></span> <span class='ocrx_word' id='word_1_24' title='bbox 608 936 744 995; x_wconf 86' lang='lat' dir='ltr'><strong>elevatio·</strong></span> <span class='ocrx_word' id='word_1_25' title='bbox 770 935 932 1008; x_wconf 80' lang='lat' dir='ltr'><strong>genuflectit</strong></span> <span class='ocrx_word' id='word_1_26' title='bbox 947 935 975 990; x_wconf 94' lang='lat' dir='ltr'><strong>in</strong></span> <span class='ocrx_word' id='word_1_27' title='bbox 987 934 1050 992; x_wconf 92' lang='lat' dir='ltr'><strong>loco</strong></span> <span class='ocrx_word' id='word_1_28' title='bbox 1059 952 1118 993; x_wconf 89' lang='lat' dir='ltr'><strong>suo.</strong></span> <span class='ocrx_word' id='word_1_29' title='bbox 1136 932 1345 993; x_wconf 84' lang='lat' dir='ltr'><strong>Thuriierarius</strong></span> 
     </span>
     <span class='ocr_line' id='line_1_5' title="bbox 163 1000 1345 1077; baseline 0.002 -18"><span class='ocrx_word' id='word_1_30' title='bbox 163 1016 236 1071; x_wconf 87' lang='lat' dir='ltr'><strong>uem,</strong></span> <span class='ocrx_word' id='word_1_31' title='bbox 246 1000 293 1058; x_wconf 82' lang='lat' dir='ltr'><strong>vel</strong></span> <span class='ocrx_word' id='word_1_32' title='bbox 307 1002 473 1061; x_wconf 88' lang='lat' dir='ltr'><strong>continuate</strong></span> <span class='ocrx_word' id='word_1_33' title='bbox 485 1020 630 1077; x_wconf 86' lang='lat' dir='ltr'><strong>quousque</strong></span> <span class='ocrx_word' id='word_1_34' title='bbox 644 1006 743 1064; x_wconf 84' lang='lat' dir='ltr'><strong>Sacer·</strong></span> <span class='ocrx_word' id='word_1_35' title='bbox 770 1005 932 1077; x_wconf 79' lang='lat' dir='ltr'><strong>genuflexus</strong></span> <span class='ocrx_word' id='word_1_36' title='bbox 946 1005 975 1061; x_wconf 96' lang='lat' dir='ltr'><strong>in</strong></span> <span class='ocrx_word' id='word_1_37' title='bbox 986 1021 1074 1061; x_wconf 92' lang='lat' dir='ltr'><strong>comu</strong></span> <span class='ocrx_word' id='word_1_38' title='bbox 1084 1002 1232 1077; x_wconf 85' lang='lat' dir='ltr'><strong>Epistolae</strong></span> <span class='ocrx_word' id='word_1_39' title='bbox 1247 1010 1291 1061; x_wconf 90' lang='lat' dir='ltr'><strong>ter</strong></span> <span class='ocrx_word' id='word_1_40' title='bbox 1303 1005 1345 1061; x_wconf 93' lang='lat' dir='ltr'><strong>in-</strong></span> 
     </span>
     <span class='ocr_line' id='line_1_6' title="bbox 164 1070 1345 1149; baseline 0.003 -21"><span class='ocrx_word' id='word_1_41' title='bbox 164 1071 215 1129; x_wconf 78' lang='lat' dir='ltr'><strong>ilcs</strong></span> <span class='ocrx_word' id='word_1_42' title='bbox 232 1070 359 1143; x_wconf 86' lang='lat' dir='ltr'><strong>deponat</strong></span> <span class='ocrx_word' id='word_1_43' title='bbox 377 1072 508 1131; x_wconf 76' lang='lat' dir='ltr'><strong>Hostiam</strong></span> <span class='ocrx_word' id='word_1_44' title='bbox 531 1090 565 1131; x_wconf 90' lang='lat' dir='ltr'><strong>su</strong></span> <span class='ocrx_word' id='word_1_45' title='bbox 585 1091 617 1132; x_wconf 90' lang='lat' dir='ltr'><strong>er</strong></span> <span class='ocrx_word' id='word_1_46' title='bbox 636 1075 743 1149; x_wconf 83' lang='lat' dir='ltr'><strong>Corpo·</strong></span> <span class='ocrx_word' id='word_1_47' title='bbox 770 1083 867 1134; x_wconf 89' lang='lat' dir='ltr'><strong>censat</strong></span> <span class='ocrx_word' id='word_1_48' title='bbox 882 1075 1019 1140; x_wconf 89' lang='lat' dir='ltr'><strong>Hostiam,</strong></span> <span class='ocrx_word' id='word_1_49' title='bbox 1034 1090 1097 1131; x_wconf 88' lang='lat' dir='ltr'><strong>oum</strong></span> <span class='ocrx_word' id='word_1_50' title='bbox 1112 1075 1248 1144; x_wconf 89' lang='lat' dir='ltr'><strong>elevatur,</strong></span> <span class='ocrx_word' id='word_1_51' title='bbox 1268 1081 1296 1131; x_wconf 88' lang='lat' dir='ltr'><strong>cl</strong></span> <span class='ocrx_word' id='word_1_52' title='bbox 1309 1076 1345 1131; x_wconf 91' lang='lat' dir='ltr'><strong>si-</strong></span> 
     </span>
     <span class='ocr_line' id='line_1_7' title="bbox 164 1140 1344 1216; baseline 0.003 -18"><span class='ocrx_word' id='word_1_53' title='bbox 164 1140 239 1208; x_wconf 82' lang='lat' dir='ltr'><strong>rule,</strong></span> <span class='ocrx_word' id='word_1_54' title='bbox 260 1141 540 1215; x_wconf 82' lang='lat' dir='ltr'><strong>etsimiliterpostm</strong></span> <span class='ocrx_word' id='word_1_55' title='bbox 579 1162 626 1202; x_wconf 89' lang='lat' dir='ltr'><strong>um</strong></span> <span class='ocrx_word' id='word_1_56' title='bbox 639 1145 675 1203; x_wconf 75' lang='lat' dir='ltr'><strong>ml</strong></span> <span class='ocrx_word' id='word_1_57' title='bbox 688 1147 743 1204; x_wconf 87' lang='lat' dir='ltr'><strong>ele-</strong></span> <span class='ocrx_word' id='word_1_58' title='bbox 770 1148 877 1204; x_wconf 90' lang='lat' dir='ltr'><strong>militer</strong></span> <span class='ocrx_word' id='word_1_59' title='bbox 899 1144 1032 1209; x_wconf 76' lang='lat' dir='ltr'><strong>Calicem,</strong></span> <span class='ocrx_word' id='word_1_60' title='bbox 1062 1145 1155 1216; x_wconf 91' lang='lat' dir='ltr'><strong>posito</strong></span> <span class='ocrx_word' id='word_1_61' title='bbox 1178 1145 1293 1202; x_wconf 92' lang='lat' dir='ltr'><strong>incenso</strong></span> <span class='ocrx_word' id='word_1_62' title='bbox 1315 1145 1344 1201; x_wconf 91' lang='lat' dir='ltr'><strong>in</strong></span> 
     </span>
     <span class='ocr_line' id='line_1_8' title="bbox 164 1211 1344 1286; baseline 0.005 -21"><span class='ocrx_word' id='word_1_63' title='bbox 164 1211 309 1269; x_wconf 65' lang='lat' dir='ltr'><strong>taionem</strong></span> <span class='ocrx_word' id='word_1_64' title='bbox 326 1211 436 1271; x_wconf 83' lang='lat' dir='ltr'><strong>Calicis.</strong></span> <span class='ocrx_word' id='word_1_65' title='bbox 769 1214 1276 1286; x_wconf 81' lang='lat' dir='ltr'><strong>Thuribulumabsquebenedictione.</strong></span> <span class='ocrx_word' id='word_1_66' title='bbox 1290 1214 1344 1271; x_wconf 85' lang='lat' dir='ltr'><strong>Rc·</strong></span> 
     </span>
     <span class='ocr_line' id='line_1_9' title="bbox 197 1279 1344 1352; baseline 0.003 -14"><span class='ocrx_word' id='word_1_67' title='bbox 197 1282 225 1338; x_wconf 80' lang='lat'><strong>7.</strong></span> <span class='ocrx_word' id='word_1_68' title='bbox 250 1279 404 1339; x_wconf 85' lang='lat' dir='ltr'><strong>Celebrans</strong></span> <span class='ocrx_word' id='word_1_69' title='bbox 422 1280 542 1341; x_wconf 88' lang='lat' dir='ltr'><strong>adorato</strong></span> <span class='ocrx_word' id='word_1_70' title='bbox 559 1283 742 1343; x_wconf 88' lang='lat' dir='ltr'><strong>Sacramento</strong></span> <span class='ocrx_word' id='word_1_71' title='bbox 789 1288 862 1344; x_wconf 92' lang='lat' dir='ltr'><strong>osito</strong></span> <span class='ocrx_word' id='word_1_72' title='bbox 880 1284 983 1352; x_wconf 79' lang='lat' dir='ltr'><strong>Colice,</strong></span> <span class='ocrx_word' id='word_1_73' title='bbox 1001 1284 1145 1342; x_wconf 86' lang='lat' dir='ltr'><strong>Diaconus</strong></span> <span class='ocrx_word' id='word_1_74' title='bbox 1163 1283 1239 1341; x_wconf 88' lang='lat' dir='ltr'><strong>redit</strong></span> <span class='ocrx_word' id='word_1_75' title='bbox 1256 1284 1292 1341; x_wconf 90' lang='lat' dir='ltr'><strong>ad</strong></span> <span class='ocrx_word' id='word_1_76' title='bbox 1312 1284 1344 1341; x_wconf 92' lang='lat' dir='ltr'><strong>li·</strong></span> 
     </span>
     <span class='ocr_line' id='line_1_10' title="bbox 165 1304 1345 1434; baseline 0 -25"><span class='ocrx_word' id='word_1_77' title='bbox 165 1351 742 1434; x_wconf 63' lang='lat' dir='ltr'><strong>mugitctdiacooperitcaliceminquem,</strong></span> <span class='ocrx_word' id='word_1_78' title='bbox 769 1304 861 1426; x_wconf 60' lang='lat' dir='ltr'><strong>Erum,</strong></span> <span class='ocrx_word' id='word_1_79' title='bbox 871 1356 927 1412; x_wconf 86' lang='lat' dir='ltr'><strong>nisi</strong></span> <span class='ocrx_word' id='word_1_80' title='bbox 937 1355 1009 1411; x_wconf 86' lang='lat' dir='ltr'><strong>alius</strong></span> <span class='ocrx_word' id='word_1_81' title='bbox 1018 1355 1141 1412; x_wconf 80' lang='lat' dir='ltr'><strong>assistat</strong></span> <span class='ocrx_word' id='word_1_82' title='bbox 1162 1353 1274 1412; x_wconf 89' lang='lat' dir='ltr'><strong>Caeteri</strong></span> <span class='ocrx_word' id='word_1_83' title='bbox 1285 1371 1345 1412; x_wconf 90' lang='lat' dir='ltr'><strong>sur·</strong></span> 
     </span>
     <span class='ocr_line' id='line_1_11' title="bbox 164 1422 1186 1498; baseline 0.002 -20"><span class='ocrx_word' id='word_1_84' title='bbox 164 1438 190 1478; x_wconf 75' lang='grc' dir='ltr'><strong>ει</strong></span> <span class='ocrx_word' id='word_1_85' title='bbox 210 1436 283 1493; x_wconf 88' lang='lat' dir='ltr'><strong>opus</strong></span> <span class='ocrx_word' id='word_1_86' title='bbox 308 1423 355 1491; x_wconf 85' lang='lat' dir='ltr'><strong>ait,</strong></span> <span class='ocrx_word' id='word_1_87' title='bbox 380 1424 503 1491; x_wconf 78' lang='lat' dir='ltr'><strong>extergit</strong></span> <span class='ocrx_word' id='word_1_88' title='bbox 529 1422 558 1480; x_wconf 93' lang='lat' dir='ltr'><strong>di</strong></span> <span class='ocrx_word' id='word_1_89' title='bbox 580 1425 642 1492; x_wconf 76' lang='lat' dir='ltr'><strong>tos,</strong></span> <span class='ocrx_word' id='word_1_90' title='bbox 667 1425 743 1497; x_wconf 84' lang='lat' dir='ltr'><strong>quod</strong></span> <span class='ocrx_word' id='word_1_91' title='bbox 769 1432 847 1498; x_wconf 79' lang='lat' dir='ltr'><strong>gunt,</strong></span> <span class='ocrx_word' id='word_1_92' title='bbox 860 1432 890 1483; x_wconf 92' lang='lat' dir='ltr'><strong>et</strong></span> <span class='ocrx_word' id='word_1_93' title='bbox 902 1432 979 1482; x_wconf 92' lang='lat' dir='ltr'><strong>stant</strong></span> <span class='ocrx_word' id='word_1_94' title='bbox 993 1425 1022 1481; x_wconf 93' lang='lat' dir='ltr'><strong>in</strong></span> <span class='ocrx_word' id='word_1_95' title='bbox 1037 1424 1107 1482; x_wconf 88' lang='lat' dir='ltr'><strong>locis</strong></span> <span class='ocrx_word' id='word_1_96' title='bbox 1120 1425 1186 1482; x_wconf 87' lang='lat' dir='ltr'><strong>suis.</strong></span> 
     </span>
     <span class='ocr_line' id='line_1_12' title="bbox 165 1488 819 1566; baseline 0.009 -19"><span class='ocrx_word' id='word_1_97' title='bbox 165 1506 278 1565; x_wconf 83' lang='lat' dir='ltr'><strong>semper</strong></span> <span class='ocrx_word' id='word_1_98' title='bbox 289 1488 385 1560; x_wconf 81' lang='lat' dir='ltr'><strong>faciat,</strong></span> <span class='ocrx_word' id='word_1_99' title='bbox 395 1492 420 1548; x_wconf 88' lang='lat' dir='ltr'><strong>si</strong></span> <span class='ocrx_word' id='word_1_100' title='bbox 429 1489 544 1564; x_wconf 89' lang='lat' dir='ltr'><strong>aliquod</strong></span> <span class='ocrx_word' id='word_1_101' title='bbox 599 1502 743 1566; x_wconf 82' lang='lat' dir='ltr'><strong>gmentum</strong></span> <span class='ocrx_word' id='word_1_102' title='bbox 807 1545 819 1565; x_wconf 81' lang='grc'>,</span> 
     </span>
     <span class='ocr_line' id='line_1_13' title="bbox 165 1545 1342 1641; baseline 0.002 -26"><span class='ocrx_word' id='word_1_103' title='bbox 165 1560 263 1632; x_wconf 75' lang='lat' dir='ltr'><strong>digitis</strong></span> <span class='ocrx_word' id='word_1_104' title='bbox 286 1560 456 1641; x_wconf 59' lang='lat' dir='ltr'><strong>adimam</strong></span> <span class='ocrx_word' id='word_1_105' title='bbox 481 1569 511 1620; x_wconf 80' lang='lat' dir='ltr'><strong>et</strong></span> <span class='ocrx_word' id='word_1_106' title='bbox 532 1570 611 1622; x_wconf 71' lang='lat' dir='ltr'><strong>stans</strong></span> <span class='ocrx_word' id='word_1_107' title='bbox 632 1571 743 1623; x_wconf 74' lang='lat' dir='ltr'><strong>erectus</strong></span> <span class='ocrx_word' id='word_1_108' title='bbox 771 1545 832 1615; x_wconf 77' lang='lat' dir='ltr'><strong>Ill.</strong></span> <span class='ocrx_word' id='word_1_109' title='bbox 858 1546 1342 1634; x_wconf 61' lang='lat' dir='ltr'><strong>lleliurumepostllousemu-</strong></span> 
     </span>
     <span class='ocr_line' id='line_1_14' title="bbox 166 1629 1319 1722; baseline 0 -18"><span class='ocrx_word' id='word_1_110' title='bbox 166 1629 249 1688; x_wconf 80' lang='lat' dir='ltr'><strong>dicit:</strong></span> <span class='ocrx_word' id='word_1_111' title='bbox 269 1630 361 1691; x_wconf 77' lang='lat' dir='ltr'><strong>Simili</strong></span> <span class='ocrx_word' id='word_1_112' title='bbox 378 1634 461 1691; x_wconf 73' lang='lat'>1110‘10</span> <span class='ocrx_word' id='word_1_113' title='bbox 481 1640 629 1716; x_wconf 71' lang='lat' dir='ltr'><strong>postquam</strong></span> <span class='ocrx_word' id='word_1_114' title='bbox 643 1649 742 1719; x_wconf 71' lang='lat' dir='ltr'><strong>oceno·</strong></span> <span class='ocrx_word' id='word_1_115' title='bbox 795 1634 920 1703; x_wconf 84' lang='lat' dir='ltr'><strong>tionem</strong></span> <span class='ocrx_word' id='word_1_116' title='bbox 940 1656 1046 1722; x_wconf 83' lang='lat' dir='ltr'><strong>usque</strong></span> <span class='ocrx_word' id='word_1_117' title='bbox 1067 1636 1108 1703; x_wconf 83' lang='lat' dir='ltr'><strong>ml</strong></span> <span class='ocrx_word' id='word_1_118' title='bbox 1124 1638 1319 1706; x_wconf 79' lang='lat' dir='ltr'><strong>(irationem</strong></span> 
     </span>
     <span class='ocr_line' id='line_1_15' title="bbox 167 1698 1122 1792; baseline -0.001 -28"><span class='ocrx_word' id='word_1_119' title='bbox 167 1712 284 1783; x_wconf 78' lang='lat' dir='ltr'><strong>tumeat</strong></span> <span class='ocrx_word' id='word_1_120' title='bbox 308 1698 501 1783; x_wconf 36' lang='lat' dir='ltr'><strong>,etambabus</strong></span> <span class='ocrx_word' id='word_1_121' title='bbox 519 1702 650 1761; x_wconf 78' lang='lat' dir='ltr'><strong>manibus</strong></span> <span class='ocrx_word' id='word_1_122' title='bbox 670 1720 744 1762; x_wconf 85' lang='lat' dir='ltr'><strong>accr-</strong></span> <span class='ocrx_word' id='word_1_123' title='bbox 945 1722 1122 1792; x_wconf 70' lang='lat' dir='ltr'><strong>Dominiat</strong></span> 
     </span>
     <span class='ocr_line' id='line_1_16' title="bbox 165 1745 1165 1847; baseline 0.004 -21"><span class='ocrx_word' id='word_1_124' title='bbox 165 1745 378 1842; x_wconf 82' lang='lat' dir='ltr'><strong>prenscaircem</strong></span> <span class='ocrx_word' id='word_1_125' title='bbox 385 1777 470 1841; x_wconf 81' lang='lat' dir='ltr'><strong>Juxta</strong></span> <span class='ocrx_word' id='word_1_126' title='bbox 480 1771 585 1831; x_wconf 90' lang='lat' dir='ltr'><strong>nodum</strong></span> <span class='ocrx_word' id='word_1_127' title='bbox 595 1770 744 1847; x_wconf 80' lang='lat' dir='ltr'><strong>infraeup</strong></span> <span class='ocrx_word' id='word_1_128' title='bbox 1083 1748 1099 1793; x_wconf 86' lang='lat' dir='ltr'><strong>t.</strong></span> <span class='ocrx_word' id='word_1_129' title='bbox 1123 1746 1165 1792; x_wconf 73' lang='lat'>¹¹¹·</span> 
     </span>
     <span class='ocr_line' id='line_1_17' title="bbox 165 1837 1346 1969; baseline 0 -72"><span class='ocrx_word' id='word_1_130' title='bbox 165 1854 240 1921; x_wconf 75' lang='lat' dir='ltr'><strong>paru.</strong></span> <span class='ocrx_word' id='word_1_131' title='bbox 250 1845 279 1897; x_wconf 90' lang='lat' dir='ltr'><strong>et</strong></span> <span class='ocrx_word' id='word_1_132' title='bbox 292 1839 468 1912; x_wconf 88' lang='lat' dir='ltr'><strong>aliquantum</strong></span> <span class='ocrx_word' id='word_1_133' title='bbox 481 1842 561 1901; x_wconf 90' lang='lat' dir='ltr'><strong>illum</strong></span> <span class='ocrx_word' id='word_1_134' title='bbox 574 1844 696 1913; x_wconf 81' lang='lat' dir='ltr'><strong>clevans,</strong></span> <span class='ocrx_word' id='word_1_135' title='bbox 710 1862 744 1902; x_wconf 89' lang='lat' dir='ltr'><strong>ac</strong></span> <span class='ocrx_word' id='word_1_136' title='bbox 773 1846 795 1899; x_wconf 93' lang='lat' dir='ltr'><strong>l.</strong></span> <span class='ocrx_word' id='word_1_137' title='bbox 806 1839 986 1969; x_wconf 77' lang='lat' dir='ltr'><strong>REposito</strong></span> <span class='ocrx_word' id='word_1_138' title='bbox 1000 1837 1103 1910; x_wconf 81' lang='lat' dir='ltr'><strong>calice,</strong></span> <span class='ocrx_word' id='word_1_139' title='bbox 1116 1846 1145 1896; x_wconf 90' lang='lat' dir='ltr'><strong>et</strong></span> <span class='ocrx_word' id='word_1_140' title='bbox 1157 1842 1285 1911; x_wconf 86' lang='lat' dir='ltr'><strong>adorato,</strong></span> <span class='ocrx_word' id='word_1_141' title='bbox 1296 1839 1346 1897; x_wconf 86' lang='lat' dir='ltr'><strong>Sa·</strong></span> 
     </span>
     <span class='ocr_line' id='line_1_18' title="bbox 165 1908 1346 1985; baseline -0.002 -18"><span class='ocrx_word' id='word_1_142' title='bbox 165 1914 263 1967; x_wconf 79' lang='lat' dir='ltr'><strong>staum</strong></span> <span class='ocrx_word' id='word_1_143' title='bbox 279 1909 431 1982; x_wconf 87' lang='lat' dir='ltr'><strong>deponens,</strong></span> <span class='ocrx_word' id='word_1_144' title='bbox 449 1911 534 1970; x_wconf 91' lang='lat' dir='ltr'><strong>dicit:</strong></span> <span class='ocrx_word' id='word_1_145' title='bbox 554 1913 694 1985; x_wconf 85' lang='lat' dir='ltr'><strong>accipiens</strong></span> <span class='ocrx_word' id='word_1_146' title='bbox 714 1921 743 1971; x_wconf 88' lang='lat' dir='ltr'><strong>et</strong></span> <span class='ocrx_word' id='word_1_147' title='bbox 882 1908 982 1967; x_wconf 88' lang='lat' dir='ltr'><strong>cerdos</strong></span> <span class='ocrx_word' id='word_1_148' title='bbox 995 1917 1073 1967; x_wconf 87' lang='lat' dir='ltr'><strong>stans</strong></span> <span class='ocrx_word' id='word_1_149' title='bbox 1089 1917 1155 1967; x_wconf 90' lang='lat' dir='ltr'><strong>aute</strong></span> <span class='ocrx_word' id='word_1_150' title='bbox 1170 1910 1279 1979; x_wconf 74' lang='lat' dir='ltr'><strong>altare,</strong></span> <span class='ocrx_word' id='word_1_151' title='bbox 1299 1926 1346 1966; x_wconf 89' lang='lat' dir='ltr'><strong>cx·</strong></span> 
     </span>
     <span class='ocr_line' id='line_1_19' title="bbox 164 1979 1347 2059; baseline -0.008 -14"><span class='ocrx_word' id='word_1_152' title='bbox 164 1987 241 2045; x_wconf 89' lang='lat' dir='ltr'><strong>huuc</strong></span> <span class='ocrx_word' id='word_1_153' title='bbox 254 1986 431 2059; x_wconf 87' lang='lat' dir='ltr'><strong>praeclarum</strong></span> <span class='ocrx_word' id='word_1_154' title='bbox 446 1984 567 2042; x_wconf 75' lang='lat' dir='ltr'><strong>Calicem</strong></span> <span class='ocrx_word' id='word_1_155' title='bbox 581 1984 610 2039; x_wconf 88' lang='lat' dir='ltr'><strong>in</strong></span> <span class='ocrx_word' id='word_1_156' title='bbox 629 1988 741 2041; x_wconf 81' lang='lat' dir='ltr'><strong>sanctas</strong></span> <span class='ocrx_word' id='word_1_157' title='bbox 771 1982 859 2039; x_wconf 89' lang='lat' dir='ltr'><strong>tensis</strong></span> <span class='ocrx_word' id='word_1_158' title='bbox 872 1979 1001 2056; x_wconf 84' lang='lat' dir='ltr'><strong>manibus</strong></span> <span class='ocrx_word' id='word_1_159' title='bbox 1015 1986 1081 2037; x_wconf 88' lang='lat' dir='ltr'><strong>ante</strong></span> <span class='ocrx_word' id='word_1_160' title='bbox 1096 1987 1203 2053; x_wconf 86' lang='lat' dir='ltr'><strong>pectus,</strong></span> <span class='ocrx_word' id='word_1_161' title='bbox 1222 1979 1291 2036; x_wconf 89' lang='lat' dir='ltr'><strong>dicit</strong></span> <span class='ocrx_word' id='word_1_162' title='bbox 1303 1995 1347 2037; x_wconf 86' lang='lat' dir='ltr'><strong>se·</strong></span> 
     </span>
     <span class='ocr_line' id='line_1_20' title="bbox 164 2048 1346 2124; baseline -0.005 -11"><span class='ocrx_word' id='word_1_163' title='bbox 164 2075 197 2115; x_wconf 87' lang='lat' dir='ltr'><strong>ao</strong></span> <span class='ocrx_word' id='word_1_164' title='bbox 212 2054 389 2114; x_wconf 76' lang='lat' dir='ltr'><strong>venerabiles</strong></span> <span class='ocrx_word' id='word_1_165' title='bbox 402 2070 500 2111; x_wconf 83' lang='lat' dir='ltr'><strong>marrus</strong></span> <span class='ocrx_word' id='word_1_166' title='bbox 513 2070 577 2109; x_wconf 86' lang='lat' dir='ltr'><strong>suas</strong></span> <span class='ocrx_word' id='word_1_167' title='bbox 593 2058 662 2124; x_wconf 84' lang='lat' dir='ltr'><strong>etc.;</strong></span> <span class='ocrx_word' id='word_1_168' title='bbox 681 2070 744 2112; x_wconf 90' lang='lat' dir='ltr'><strong>cum</strong></span> <span class='ocrx_word' id='word_1_169' title='bbox 771 2057 864 2108; x_wconf 89' lang='lat' dir='ltr'><strong>creto:</strong></span> <span class='ocrx_word' id='word_1_170' title='bbox 894 2051 974 2107; x_wconf 87' lang='lat' dir='ltr'><strong>ilmle</strong></span> <span class='ocrx_word' id='word_1_171' title='bbox 992 2058 1020 2109; x_wconf 84' lang='lat' dir='ltr'><strong>et</strong></span> <span class='ocrx_word' id='word_1_172' title='bbox 1036 2068 1172 2108; x_wconf 69' lang='lat' dir='ltr'><strong>immores</strong></span> <span class='ocrx_word' id='word_1_173' title='bbox 1192 2056 1246 2107; x_wconf 90' lang='lat' dir='ltr'><strong>etc.</strong></span> <span class='ocrx_word' id='word_1_174' title='bbox 1276 2048 1346 2107; x_wconf 80' lang='lat' dir='ltr'><strong>Cum</strong></span> 
     </span>
     <span class='ocr_line' id='line_1_21' title="bbox 164 2118 1348 2196; baseline -0.005 -12"><span class='ocrx_word' id='word_1_175' title='bbox 164 2118 252 2177; x_wconf 74' lang='lat' dir='ltr'><strong>dicit:</strong></span> <span class='ocrx_word' id='word_1_176' title='bbox 270 2128 338 2184; x_wconf 88' lang='lat' dir='ltr'><strong>item</strong></span> <span class='ocrx_word' id='word_1_177' title='bbox 355 2124 407 2182; x_wconf 84' lang='lat' dir='ltr'><strong>libi</strong></span> <span class='ocrx_word' id='word_1_178' title='bbox 444 2126 531 2181; x_wconf 83' lang='lat' dir='ltr'><strong>mtius</strong></span> <span class='ocrx_word' id='word_1_179' title='bbox 544 2139 639 2194; x_wconf 68' lang='lat' dir='ltr'><strong>rigetus,</strong></span> <span class='ocrx_word' id='word_1_180' title='bbox 658 2131 745 2196; x_wconf 84' lang='lat' dir='ltr'><strong>caput</strong></span> <span class='ocrx_word' id='word_1_181' title='bbox 772 2120 856 2178; x_wconf 89' lang='lat' dir='ltr'><strong>dicit:</strong></span> <span class='ocrx_word' id='word_1_182' title='bbox 875 2122 909 2177; x_wconf 65' lang='grc' dir='ltr'><strong>(ΙιἸ</strong></span> <span class='ocrx_word' id='word_1_183' title='bbox 926 2122 982 2177; x_wconf 85' lang='lat' dir='ltr'><strong>luis</strong></span> <span class='ocrx_word' id='word_1_184' title='bbox 998 2122 1078 2178; x_wconf 65' lang='lat' dir='ltr'><strong>«lonis</strong></span> <span class='ocrx_word' id='word_1_185' title='bbox 1097 2139 1130 2178; x_wconf 71' lang='lat' dir='ltr'><strong>at:</strong></span> <span class='ocrx_word' id='word_1_186' title='bbox 1143 2123 1229 2186; x_wconf 65' lang='lat' dir='ltr'><strong>ilaris,</strong></span> <span class='ocrx_word' id='word_1_187' title='bbox 1251 2120 1348 2190; x_wconf 78' lang='lat' dir='ltr'><strong>jungit</strong></span> 
     </span>
     <span class='ocr_line' id='line_1_22' title="bbox 164 2142 1341 2271; baseline 0.004 -24"><span class='ocrx_word' id='word_1_188' title='bbox 164 2142 613 2259; x_wconf 51' lang='lat' dir='ltr'><strong>inclinaucnmcliciibonulixit,</strong></span> <span class='ocrx_word' id='word_1_189' title='bbox 628 2193 746 2250; x_wconf 89' lang='lat' dir='ltr'><strong>sinistra</strong></span> <span class='ocrx_word' id='word_1_190' title='bbox 772 2195 1184 2271; x_wconf 78' lang='lat' dir='ltr'><strong>manusantepcctus3etcum</strong></span> <span class='ocrx_word' id='word_1_191' title='bbox 1194 2189 1341 2251; x_wconf 80' lang='lat' dir='ltr'><strong>dicitzllo·</strong></span> 
     </span>
     <span class='ocr_line' id='line_1_23' title="bbox 165 2256 1340 2333; baseline 0.003 -17"><span class='ocrx_word' id='word_1_192' title='bbox 165 2257 292 2316; x_wconf 81' lang='lat' dir='ltr'><strong>Calicem</strong></span> <span class='ocrx_word' id='word_1_193' title='bbox 300 2256 502 2333; x_wconf 86' lang='lat' dir='ltr'><strong>infracuppam</strong></span> <span class='ocrx_word' id='word_1_194' title='bbox 511 2263 745 2330; x_wconf 86' lang='lat' dir='ltr'><strong>teneus,dextera</strong></span> <span class='ocrx_word' id='word_1_195' title='bbox 769 2270 851 2316; x_wconf 86' lang='lat' dir='ltr'><strong>stram</strong></span> <span class='ocrx_word' id='word_1_196' title='bbox 871 2260 1015 2332; x_wconf 74' lang='lat' dir='ltr'><strong>ipurarn.</strong></span> <span class='ocrx_word' id='word_1_197' title='bbox 1031 2261 1158 2318; x_wconf 83' lang='lat' dir='ltr'><strong>llostiam</strong></span> <span class='ocrx_word' id='word_1_198' title='bbox 1173 2262 1191 2328; x_wconf 72' lang='lat' dir='ltr'><strong>i</strong></span> <span class='ocrx_word' id='word_1_199' title='bbox 1207 2276 1340 2327; x_wconf 80' lang='lat' dir='ltr'><strong>samiam,</strong></span> 
     </span>
     <span class='ocr_line' id='line_1_24' title="bbox 164 2328 1347 2405; baseline 0.001 -19"><span class='ocrx_word' id='word_1_200' title='bbox 164 2329 261 2399; x_wconf 74' lang='lat' dir='ltr'><strong>signat</strong></span> <span class='ocrx_word' id='word_1_201' title='bbox 273 2344 360 2403; x_wconf 86' lang='lat' dir='ltr'><strong>super</strong></span> <span class='ocrx_word' id='word_1_202' title='bbox 372 2345 449 2395; x_wconf 84' lang='lat' dir='ltr'><strong>eum;</strong></span> <span class='ocrx_word' id='word_1_203' title='bbox 463 2332 740 2405; x_wconf 77' lang='lat' dir='ltr'><strong>etproscqnenszde-</strong></span> <span class='ocrx_word' id='word_1_204' title='bbox 768 2330 897 2387; x_wconf 85' lang='lat' dir='ltr'><strong>llustium</strong></span> <span class='ocrx_word' id='word_1_205' title='bbox 914 2330 932 2396; x_wconf 75' lang='lat' dir='ltr'><strong>i</strong></span> <span class='ocrx_word' id='word_1_206' title='bbox 947 2332 1163 2397; x_wconf 83' lang='lat' dir='ltr'><strong>iummeulalam,</strong></span> <span class='ocrx_word' id='word_1_207' title='bbox 1181 2345 1267 2385; x_wconf 89' lang='lat' dir='ltr'><strong>manu</strong></span> <span class='ocrx_word' id='word_1_208' title='bbox 1279 2328 1347 2387; x_wconf 85' lang='lat' dir='ltr'><strong>siui-</strong></span> 
     </span>
     <span class='ocr_line' id='line_1_25' title="bbox 164 2398 1346 2528; baseline -0.006 -66"><span class='ocrx_word' id='word_1_209' title='bbox 164 2406 263 2477; x_wconf 81' lang='lat' dir='ltr'><strong>‹lilque</strong></span> <span class='ocrx_word' id='word_1_210' title='bbox 277 2404 423 2481; x_wconf 75' lang='lat' dir='ltr'><strong>clisoipulis</strong></span> <span class='ocrx_word' id='word_1_211' title='bbox 440 2403 498 2461; x_wconf 85' lang='lat' dir='ltr'><strong>suis</strong></span> <span class='ocrx_word' id='word_1_212' title='bbox 518 2406 580 2470; x_wconf 79' lang='lat' dir='ltr'><strong>etc,</strong></span> <span class='ocrx_word' id='word_1_213' title='bbox 598 2410 627 2460; x_wconf 86' lang='lat' dir='ltr'><strong>et</strong></span> <span class='ocrx_word' id='word_1_214' title='bbox 648 2401 745 2460; x_wconf 89' lang='lat' dir='ltr'><strong>amba·</strong></span> <span class='ocrx_word' id='word_1_215' title='bbox 772 2406 833 2458; x_wconf 83' lang='lat' dir='ltr'><strong>stra</strong></span> <span class='ocrx_word' id='word_1_216' title='bbox 844 2400 943 2528; x_wconf 46' lang='lat' dir='ltr'><strong>posita</strong></span> <span class='ocrx_word' id='word_1_217' title='bbox 961 2415 1048 2482; x_wconf 79' lang='lat' dir='ltr'><strong>super</strong></span> <span class='ocrx_word' id='word_1_218' title='bbox 1063 2399 1164 2457; x_wconf 81' lang='lat' dir='ltr'><strong>Altare</strong></span> <span class='ocrx_word' id='word_1_219' title='bbox 1185 2400 1261 2456; x_wconf 86' lang='lat' dir='ltr'><strong>intra</strong></span> <span class='ocrx_word' id='word_1_220' title='bbox 1278 2398 1346 2481; x_wconf 78' lang='lat' dir='ltr'><strong>Cor·</strong></span> 
     </span>
     <span class='ocr_line' id='line_1_26' title="bbox 165 2466 1347 2543; baseline 0 -18"><span class='ocrx_word' id='word_1_221' title='bbox 165 2467 218 2526; x_wconf 87' lang='lat' dir='ltr'><strong>bus</strong></span> <span class='ocrx_word' id='word_1_222' title='bbox 232 2466 365 2526; x_wconf 79' lang='lat' dir='ltr'><strong>manibus</strong></span> <span class='ocrx_word' id='word_1_223' title='bbox 382 2475 482 2527; x_wconf 89' lang='lat' dir='ltr'><strong>tenens</strong></span> <span class='ocrx_word' id='word_1_224' title='bbox 495 2468 627 2536; x_wconf 86' lang='lat' dir='ltr'><strong>Calicem,</strong></span> <span class='ocrx_word' id='word_1_225' title='bbox 646 2473 745 2530; x_wconf 86' lang='lat' dir='ltr'><strong>videli-</strong></span> <span class='ocrx_word' id='word_1_226' title='bbox 773 2486 843 2543; x_wconf 89' lang='lat' dir='ltr'><strong>pora</strong></span> <span class='ocrx_word' id='word_1_227' title='bbox 855 2487 879 2540; x_wconf 87' lang='lat' dir='ltr'><strong>e,</strong></span> <span class='ocrx_word' id='word_1_228' title='bbox 897 2471 1015 2528; x_wconf 84' lang='lat' dir='ltr'><strong>dextera</strong></span> <span class='ocrx_word' id='word_1_229' title='bbox 1026 2477 1119 2542; x_wconf 79' lang='lat' dir='ltr'><strong>signat</strong></span> <span class='ocrx_word' id='word_1_230' title='bbox 1132 2476 1177 2527; x_wconf 90' lang='lat' dir='ltr'><strong>ter</strong></span> <span class='ocrx_word' id='word_1_231' title='bbox 1193 2485 1347 2527; x_wconf 89' lang='lat' dir='ltr'><strong>commum·</strong></span> 
     </span>
    </p>
   </div>
   <div class='ocr_carea' id='block_1_3' title="bbox 162 806 239 919">
    <p class='ocr_par' dir='ltr' id='par_1_3' title="bbox 162 806 239 919">
     <span class='ocr_line' id='line_1_27' title="bbox 162 806 239 919; baseline -0.013 0"><span class='ocrx_word' id='word_1_232' title='bbox 162 806 239 919; x_wconf 70' lang='lat' dir='ltr'><strong>aa}</strong></span> 
     </span>
    </p>
   </div>
   <div class='ocr_carea' id='block_1_4' title="bbox 163 2538 1372 4918">
    <p class='ocr_par' dir='ltr' id='par_1_4' title="bbox 163 2538 1372 4918">
     <span class='ocr_line' id='line_1_28' title="bbox 165 2538 1347 2614; baseline 0 -19"><span class='ocrx_word' id='word_1_233' title='bbox 165 2544 211 2595; x_wconf 87' lang='lat' dir='ltr'><strong>cet</strong></span> <span class='ocrx_word' id='word_1_234' title='bbox 229 2539 348 2596; x_wconf 83' lang='lat' dir='ltr'><strong>sinistra</strong></span> <span class='ocrx_word' id='word_1_235' title='bbox 370 2538 479 2611; x_wconf 89' lang='lat' dir='ltr'><strong>pedem,</strong></span> <span class='ocrx_word' id='word_1_236' title='bbox 500 2538 618 2598; x_wconf 86' lang='lat' dir='ltr'><strong>dextera</strong></span> <span class='ocrx_word' id='word_1_237' title='bbox 640 2542 745 2600; x_wconf 86' lang='lat' dir='ltr'><strong>nodum</strong></span> <span class='ocrx_word' id='word_1_238' title='bbox 772 2546 817 2597; x_wconf 87' lang='lat' dir='ltr'><strong>ter</strong></span> <span class='ocrx_word' id='word_1_239' title='bbox 829 2556 914 2614; x_wconf 87' lang='lat' dir='ltr'><strong>super</strong></span> <span class='ocrx_word' id='word_1_240' title='bbox 928 2541 1056 2599; x_wconf 87' lang='lat' dir='ltr'><strong>Hostiam</strong></span> <span class='ocrx_word' id='word_1_241' title='bbox 1070 2547 1099 2597; x_wconf 88' lang='lat' dir='ltr'><strong>et</strong></span> <span class='ocrx_word' id='word_1_242' title='bbox 1112 2539 1244 2607; x_wconf 86' lang='lat' dir='ltr'><strong>Calicem,</strong></span> <span class='ocrx_word' id='word_1_243' title='bbox 1263 2545 1292 2596; x_wconf 90' lang='lat' dir='ltr'><strong>et</strong></span> <span class='ocrx_word' id='word_1_244' title='bbox 1304 2554 1347 2595; x_wconf 87' lang='lat' dir='ltr'><strong>se·</strong></span> 
     </span>
     <span class='ocr_line' id='line_1_29' title="bbox 165 2607 1347 2685; baseline 0 -21"><span class='ocrx_word' id='word_1_245' title='bbox 165 2607 243 2666; x_wconf 85' lang='lat' dir='ltr'><strong>infra</strong></span> <span class='ocrx_word' id='word_1_246' title='bbox 257 2624 392 2681; x_wconf 85' lang='lat' dir='ltr'><strong>cuppam,</strong></span> <span class='ocrx_word' id='word_1_247' title='bbox 409 2608 512 2666; x_wconf 87' lang='lat' dir='ltr'><strong>cubilis</strong></span> <span class='ocrx_word' id='word_1_248' title='bbox 535 2627 621 2683; x_wconf 88' lang='lat' dir='ltr'><strong>super</strong></span> <span class='ocrx_word' id='word_1_249' title='bbox 643 2613 745 2669; x_wconf 85' lang='lat' dir='ltr'><strong>Altarc</strong></span> <span class='ocrx_word' id='word_1_250' title='bbox 772 2610 827 2667; x_wconf 89' lang='lat' dir='ltr'><strong>mel</strong></span> <span class='ocrx_word' id='word_1_251' title='bbox 851 2626 935 2685; x_wconf 87' lang='lat' dir='ltr'><strong>super</strong></span> <span class='ocrx_word' id='word_1_252' title='bbox 952 2610 1082 2667; x_wconf 86' lang='lat' dir='ltr'><strong>Hostiam</strong></span> <span class='ocrx_word' id='word_1_253' title='bbox 1106 2616 1230 2679; x_wconf 86' lang='lat' dir='ltr'><strong>tantum,</strong></span> <span class='ocrx_word' id='word_1_254' title='bbox 1254 2614 1347 2664; x_wconf 80' lang='lat' dir='ltr'><strong>etse</strong></span> 
     </span>
     <span class='ocr_line' id='line_1_30' title="bbox 167 2676 1372 2762; baseline 0 -24"><span class='ocrx_word' id='word_1_255' title='bbox 167 2678 283 2752; x_wconf 83' lang='lat' dir='ltr'><strong>positis,</strong></span> <span class='ocrx_word' id='word_1_256' title='bbox 306 2684 336 2737; x_wconf 89' lang='lat' dir='ltr'><strong>et</strong></span> <span class='ocrx_word' id='word_1_257' title='bbox 352 2679 446 2762; x_wconf 85' lang='lat' dir='ltr'><strong>capite</strong></span> <span class='ocrx_word' id='word_1_258' title='bbox 464 2679 612 2753; x_wconf 89' lang='lat' dir='ltr'><strong>inclinato,</strong></span> <span class='ocrx_word' id='word_1_259' title='bbox 636 2680 746 2756; x_wconf 83' lang='lat' dir='ltr'><strong>profert</strong></span> <span class='ocrx_word' id='word_1_260' title='bbox 773 2680 827 2738; x_wconf 90' lang='lat' dir='ltr'><strong>mel</strong></span> <span class='ocrx_word' id='word_1_261' title='bbox 848 2697 935 2754; x_wconf 87' lang='lat' dir='ltr'><strong>super</strong></span> <span class='ocrx_word' id='word_1_262' title='bbox 952 2680 1074 2737; x_wconf 73' lang='lat' dir='ltr'><strong>Calicem</strong></span> <span class='ocrx_word' id='word_1_263' title='bbox 1093 2686 1217 2748; x_wconf 85' lang='lat' dir='ltr'><strong>tantum,</strong></span> <span class='ocrx_word' id='word_1_264' title='bbox 1236 2676 1372 2738; x_wconf 70' lang='lat' dir='ltr'><strong>(liceum.</strong></span> 
     </span>
     <span class='ocr_line' id='line_1_31' title="bbox 168 2751 1342 2822; baseline -0.001 -16"><span class='ocrx_word' id='word_1_265' title='bbox 168 2755 287 2814; x_wconf 82' lang='lat' dir='ltr'><strong>attente,</strong></span> <span class='ocrx_word' id='word_1_266' title='bbox 313 2755 484 2820; x_wconf 72' lang='lat' dir='ltr'><strong>commeate,</strong></span> <span class='ocrx_word' id='word_1_267' title='bbox 510 2757 539 2808; x_wconf 87' lang='lat' dir='ltr'><strong>et</strong></span> <span class='ocrx_word' id='word_1_268' title='bbox 569 2758 687 2822; x_wconf 83' lang='lat' dir='ltr'><strong>secreto,</strong></span> <span class='ocrx_word' id='word_1_269' title='bbox 714 2760 747 2812; x_wconf 88' lang='lat' dir='ltr'><strong>ut</strong></span> <span class='ocrx_word' id='word_1_270' title='bbox 773 2752 873 2806; x_wconf 83' lang='lat' dir='ltr'><strong>l&#39;mmm</strong></span> <span class='ocrx_word' id='word_1_271' title='bbox 888 2751 906 2816; x_wconf 75' lang='lat' dir='ltr'><strong>i·</strong></span> <span class='ocrx_word' id='word_1_272' title='bbox 922 2758 1047 2807; x_wconf 83' lang='lat' dir='ltr'><strong>samium</strong></span> <span class='ocrx_word' id='word_1_273' title='bbox 1070 2752 1143 2807; x_wconf 72' lang='lat' dir='ltr'><strong>silue</strong></span> <span class='ocrx_word' id='word_1_274' title='bbox 1160 2760 1293 2810; x_wconf 79' lang='lat' dir='ltr'><strong>aetmume</strong></span> <span class='ocrx_word' id='word_1_275' title='bbox 1314 2763 1342 2812; x_wconf 84' lang='lat' dir='ltr'><strong>el</strong></span> 
     </span>
     <span class='ocr_line' id='line_1_32' title="bbox 167 2817 1348 2902; baseline -0.003 -25"><span class='ocrx_word' id='word_1_276' title='bbox 167 2835 264 2892; x_wconf 81' lang='lat' dir='ltr'><strong>supra,</strong></span> <span class='ocrx_word' id='word_1_277' title='bbox 282 2818 371 2876; x_wconf 81' lang='lat' dir='ltr'><strong>verba</strong></span> <span class='ocrx_word' id='word_1_278' title='bbox 389 2821 610 2896; x_wconf 74' lang='lat' dir='ltr'><strong>consecrationis</strong></span> <span class='ocrx_word' id='word_1_279' title='bbox 628 2821 683 2880; x_wconf 88' lang='lat' dir='ltr'><strong>San</strong></span> <span class='ocrx_word' id='word_1_280' title='bbox 723 2825 746 2880; x_wconf 88' lang='lat' dir='ltr'><strong>i·</strong></span> <span class='ocrx_word' id='word_1_281' title='bbox 770 2822 890 2877; x_wconf 73' lang='lat' dir='ltr'><strong>(illicem</strong></span> <span class='ocrx_word' id='word_1_282' title='bbox 905 2821 922 2885; x_wconf 69' lang='lat' dir='ltr'><strong>i-</strong></span> <span class='ocrx_word' id='word_1_283' title='bbox 936 2821 1035 2876; x_wconf 74' lang='lat' dir='ltr'><strong>salutis</strong></span> <span class='ocrx_word' id='word_1_284' title='bbox 1049 2828 1214 2902; x_wconf 76' lang='lat' dir='ltr'><strong>perpetuae:</strong></span> <span class='ocrx_word' id='word_1_285' title='bbox 1245 2817 1348 2876; x_wconf 82' lang='lat' dir='ltr'><strong>deinde</strong></span> 
     </span>
     <span class='ocr_line' id='line_1_33' title="bbox 168 2887 1348 2987; baseline 0 -41"><span class='ocrx_word' id='word_1_286' title='bbox 168 2890 229 2946; x_wconf 89' lang='lat' dir='ltr'><strong>nis:</strong></span> <span class='ocrx_word' id='word_1_287' title='bbox 247 2893 301 2950; x_wconf 79' lang='lat' dir='ltr'><strong>llic</strong></span> <span class='ocrx_word' id='word_1_288' title='bbox 315 2899 355 2948; x_wconf 68' lang='lat' dir='ltr'><strong>esi</strong></span> <span class='ocrx_word' id='word_1_289' title='bbox 370 2893 443 2948; x_wconf 86' lang='lat' dir='ltr'><strong>enim</strong></span> <span class='ocrx_word' id='word_1_290' title='bbox 459 2891 539 2948; x_wconf 69' lang='lat' dir='ltr'><strong>(fulix</strong></span> <span class='ocrx_word' id='word_1_291' title='bbox 563 2898 616 2949; x_wconf 88' lang='lat' dir='ltr'><strong>etc.</strong></span> <span class='ocrx_word' id='word_1_292' title='bbox 638 2893 691 2987; x_wconf 63' lang='lat' dir='ltr'><strong>Qui</strong></span> <span class='ocrx_word' id='word_1_293' title='bbox 713 2911 746 2951; x_wconf 90' lang='lat' dir='ltr'><strong>us</strong></span> <span class='ocrx_word' id='word_1_294' title='bbox 773 2898 852 2949; x_wconf 86' lang='lat' dir='ltr'><strong>stans</strong></span> <span class='ocrx_word' id='word_1_295' title='bbox 864 2887 1348 2962; x_wconf 85' lang='lat' dir='ltr'><strong>utprius,extensrsmanibus,pro-</strong></span> 
     </span>
     <span class='ocr_line' id='line_1_34' title="bbox 166 2957 1349 3036; baseline -0.001 -20"><span class='ocrx_word' id='word_1_296' title='bbox 166 2958 262 3028; x_wconf 86' lang='lat' dir='ltr'><strong>dictis,</strong></span> <span class='ocrx_word' id='word_1_297' title='bbox 274 2957 389 3030; x_wconf 83' lang='lat' dir='ltr'><strong>reponit</strong></span> <span class='ocrx_word' id='word_1_298' title='bbox 404 2957 526 3016; x_wconf 89' lang='lat' dir='ltr'><strong>Calicem</strong></span> <span class='ocrx_word' id='word_1_299' title='bbox 541 2977 626 3035; x_wconf 89' lang='lat' dir='ltr'><strong>super</strong></span> <span class='ocrx_word' id='word_1_300' title='bbox 639 2963 746 3036; x_wconf 77' lang='lat' dir='ltr'><strong>(mpo-</strong></span> <span class='ocrx_word' id='word_1_301' title='bbox 774 2963 916 3033; x_wconf 87' lang='lat' dir='ltr'><strong>sequitur:</strong></span> <span class='ocrx_word' id='word_1_302' title='bbox 942 2961 1030 3035; x_wconf 72' lang='lat' dir='ltr'><strong>Supra</strong></span> <span class='ocrx_word' id='word_1_303' title='bbox 1058 2978 1128 3031; x_wconf 73' lang='lat' dir='ltr'><strong>qum</strong></span> <span class='ocrx_word' id='word_1_304' title='bbox 1148 2965 1272 3034; x_wconf 79' lang='lat' dir='ltr'><strong>propitio</strong></span> <span class='ocrx_word' id='word_1_305' title='bbox 1295 2965 1349 3016; x_wconf 82' lang='lat' dir='ltr'><strong>etc,</strong></span> 
     </span>
     <span class='ocr_line' id='line_1_35' title="bbox 167 3028 1348 3103; baseline -0.001 -18"><span class='ocrx_word' id='word_1_306' title='bbox 167 3028 238 3099; x_wconf 89' lang='lat' dir='ltr'><strong>rale,</strong></span> <span class='ocrx_word' id='word_1_307' title='bbox 264 3028 361 3086; x_wconf 86' lang='lat' dir='ltr'><strong>diceus</strong></span> <span class='ocrx_word' id='word_1_308' title='bbox 380 3036 504 3086; x_wconf 86' lang='lat' dir='ltr'><strong>secreto:</strong></span> <span class='ocrx_word' id='word_1_309' title='bbox 525 3033 602 3090; x_wconf 81' lang='lat' dir='ltr'><strong>llaec</strong></span> <span class='ocrx_word' id='word_1_310' title='bbox 617 3034 740 3103; x_wconf 66' lang='lat' dir='ltr'><strong>‹prurities-</strong></span> <span class='ocrx_word' id='word_1_311' title='bbox 774 3031 843 3088; x_wconf 88' lang='lat' dir='ltr'><strong>Cum</strong></span> <span class='ocrx_word' id='word_1_312' title='bbox 854 3030 980 3087; x_wconf 59' lang='lat' dir='ltr'><strong>elicittsu</strong></span> <span class='ocrx_word' id='word_1_313' title='bbox 995 3032 1089 3101; x_wconf 70' lang='lat' dir='ltr'><strong>ipliecs</strong></span> <span class='ocrx_word' id='word_1_314' title='bbox 1099 3039 1126 3088; x_wconf 80' lang='lat' dir='ltr'><strong>te</strong></span> <span class='ocrx_word' id='word_1_315' title='bbox 1138 3051 1267 3090; x_wconf 76' lang='lat' dir='ltr'><strong>roumuus</strong></span> <span class='ocrx_word' id='word_1_316' title='bbox 1287 3034 1348 3097; x_wconf 83' lang='lat' dir='ltr'><strong>etc,</strong></span> 
     </span>
     <span class='ocr_line' id='line_1_36' title="bbox 163 3050 1348 3180; baseline -0.003 -22"><span class='ocrx_word' id='word_1_317' title='bbox 163 3119 283 3174; x_wconf 72' lang='lat' dir='ltr'><strong>«uinique</strong></span> <span class='ocrx_word' id='word_1_318' title='bbox 294 3101 418 3161; x_wconf 76' lang='lat' dir='ltr'><strong>feceritis</strong></span> <span class='ocrx_word' id='word_1_319' title='bbox 434 3107 495 3168; x_wconf 79' lang='lat' dir='ltr'><strong>etc,</strong></span> <span class='ocrx_word' id='word_1_320' title='bbox 523 3099 746 3159; x_wconf 83' lang='lat' dir='ltr'><strong>enullexusSan·</strong></span> <span class='ocrx_word' id='word_1_321' title='bbox 773 3102 892 3159; x_wconf 88' lang='lat' dir='ltr'><strong>inclinat</strong></span> <span class='ocrx_word' id='word_1_322' title='bbox 905 3050 1011 3157; x_wconf 74' lang='lat' dir='ltr'><strong>scanie</strong></span> <span class='ocrx_word' id='word_1_323' title='bbox 1023 3099 1146 3156; x_wconf 86' lang='lat' dir='ltr'><strong>medium</strong></span> <span class='ocrx_word' id='word_1_324' title='bbox 1159 3088 1277 3180; x_wconf 75' lang='lat' dir='ltr'><strong>Altaria,</strong></span> <span class='ocrx_word' id='word_1_325' title='bbox 1290 3113 1348 3154; x_wconf 91' lang='lat' dir='ltr'><strong>ma·</strong></span> 
     </span>
     <span class='ocr_line' id='line_1_37' title="bbox 167 3166 1348 3241; baseline -0.001 -15"><span class='ocrx_word' id='word_1_326' title='bbox 167 3170 284 3241; x_wconf 80' lang='lat' dir='ltr'><strong>guinem</strong></span> <span class='ocrx_word' id='word_1_327' title='bbox 303 3176 468 3227; x_wconf 80' lang='lat' dir='ltr'><strong>reverenter</strong></span> <span class='ocrx_word' id='word_1_328' title='bbox 524 3177 596 3229; x_wconf 87' lang='lat' dir='ltr'><strong>orat.</strong></span> <span class='ocrx_word' id='word_1_329' title='bbox 627 3171 697 3229; x_wconf 87' lang='lat' dir='ltr'><strong>Tum</strong></span> <span class='ocrx_word' id='word_1_330' title='bbox 716 3188 746 3228; x_wconf 93' lang='lat' dir='ltr'><strong>se</strong></span> <span class='ocrx_word' id='word_1_331' title='bbox 773 3170 857 3228; x_wconf 92' lang='lat' dir='ltr'><strong>nibus</strong></span> <span class='ocrx_word' id='word_1_332' title='bbox 867 3170 973 3241; x_wconf 88' lang='lat' dir='ltr'><strong>junctis</strong></span> <span class='ocrx_word' id='word_1_333' title='bbox 986 3186 1018 3225; x_wconf 91' lang='lat' dir='ltr'><strong>su</strong></span> <span class='ocrx_word' id='word_1_334' title='bbox 1039 3169 1132 3226; x_wconf 90' lang='lat' dir='ltr'><strong>erillo</strong></span> <span class='ocrx_word' id='word_1_335' title='bbox 1147 3174 1256 3240; x_wconf 79' lang='lat' dir='ltr'><strong>positis.</strong></span> <span class='ocrx_word' id='word_1_336' title='bbox 1278 3166 1348 3225; x_wconf 83' lang='lat' dir='ltr'><strong>Cum</strong></span> 
     </span>
     <span class='ocr_line' id='line_1_38' title="bbox 168 3188 1341 3321; baseline 0.003 -25"><span class='ocrx_word' id='word_1_337' title='bbox 168 3239 263 3310; x_wconf 74' lang='lat' dir='ltr'><strong>erigit,</strong></span> <span class='ocrx_word' id='word_1_338' title='bbox 286 3244 313 3297; x_wconf 89' lang='lat' dir='ltr'><strong>et</strong></span> <span class='ocrx_word' id='word_1_339' title='bbox 335 3239 478 3312; x_wconf 89' lang='lat' dir='ltr'><strong>accipiens</strong></span> <span class='ocrx_word' id='word_1_340' title='bbox 494 3239 618 3298; x_wconf 82' lang='lat' dir='ltr'><strong>Calicem</strong></span> <span class='ocrx_word' id='word_1_341' title='bbox 637 3242 746 3299; x_wconf 88' lang='lat' dir='ltr'><strong>discoo-</strong></span> <span class='ocrx_word' id='word_1_342' title='bbox 775 3240 857 3299; x_wconf 86' lang='lat' dir='ltr'><strong>dicit:</strong></span> <span class='ocrx_word' id='word_1_343' title='bbox 872 3258 905 3297; x_wconf 79' lang='lat' dir='ltr'><strong>m</strong></span> <span class='ocrx_word' id='word_1_344' title='bbox 921 3241 970 3297; x_wconf 77' lang='lat' dir='ltr'><strong>liae</strong></span> <span class='ocrx_word' id='word_1_345' title='bbox 987 3188 1095 3297; x_wconf 53' lang='lat' dir='ltr'><strong>iliaris</strong></span> <span class='ocrx_word' id='word_1_346' title='bbox 1114 3242 1341 3321; x_wconf 70' lang='lat' dir='ltr'><strong>pitrtioipatioue,</strong></span> 
     </span>
     <span class='ocr_line' id='line_1_39' title="bbox 169 3306 1349 3382; baseline -0.001 -16"><span class='ocrx_word' id='word_1_347' title='bbox 169 3315 282 3382; x_wconf 80' lang='lat' dir='ltr'><strong>pettam</strong></span> <span class='ocrx_word' id='word_1_348' title='bbox 299 3324 362 3366; x_wconf 91' lang='lat' dir='ltr'><strong>cum</strong></span> <span class='ocrx_word' id='word_1_349' title='bbox 375 3308 517 3380; x_wconf 83' lang='lat' dir='ltr'><strong>Sanguine</strong></span> <span class='ocrx_word' id='word_1_350' title='bbox 534 3310 671 3368; x_wconf 87' lang='lat' dir='ltr'><strong>ambabus</strong></span> <span class='ocrx_word' id='word_1_351' title='bbox 689 3328 746 3368; x_wconf 83' lang='lat' dir='ltr'><strong>mo·</strong></span> <span class='ocrx_word' id='word_1_352' title='bbox 774 3311 918 3367; x_wconf 85' lang='lat' dir='ltr'><strong>osculatur</strong></span> <span class='ocrx_word' id='word_1_353' title='bbox 933 3308 1042 3379; x_wconf 85' lang='lat' dir='ltr'><strong>Altare,</strong></span> <span class='ocrx_word' id='word_1_354' title='bbox 1057 3306 1187 3365; x_wconf 80' lang='lat' dir='ltr'><strong>manibus</strong></span> <span class='ocrx_word' id='word_1_355' title='bbox 1204 3308 1270 3365; x_wconf 90' lang='lat' dir='ltr'><strong>hmc</strong></span> <span class='ocrx_word' id='word_1_356' title='bbox 1282 3306 1349 3365; x_wconf 88' lang='lat' dir='ltr'><strong>mde</strong></span> 
     </span>
     <span class='ocr_line' id='line_1_40' title="bbox 169 3376 1348 3463; baseline -0.001 -27"><span class='ocrx_word' id='word_1_357' title='bbox 169 3377 264 3446; x_wconf 86' lang='lat' dir='ltr'><strong>nibus,</strong></span> <span class='ocrx_word' id='word_1_358' title='bbox 282 3384 314 3435; x_wconf 89' lang='lat' dir='ltr'><strong>ut</strong></span> <span class='ocrx_word' id='word_1_359' title='bbox 331 3378 419 3451; x_wconf 85' lang='lat' dir='ltr'><strong>prius,</strong></span> <span class='ocrx_word' id='word_1_360' title='bbox 438 3379 530 3437; x_wconf 88' lang='lat' dir='ltr'><strong>elevat</strong></span> <span class='ocrx_word' id='word_1_361' title='bbox 542 3397 614 3451; x_wconf 89' lang='lat' dir='ltr'><strong>eum,</strong></span> <span class='ocrx_word' id='word_1_362' title='bbox 639 3388 667 3439; x_wconf 85' lang='lat' dir='ltr'><strong>et</strong></span> <span class='ocrx_word' id='word_1_363' title='bbox 685 3397 746 3437; x_wconf 88' lang='lat' dir='ltr'><strong>erc·</strong></span> <span class='ocrx_word' id='word_1_364' title='bbox 774 3397 858 3452; x_wconf 87' lang='lat' dir='ltr'><strong>super</strong></span> <span class='ocrx_word' id='word_1_365' title='bbox 871 3378 1026 3456; x_wconf 81' lang='lat' dir='ltr'><strong>Corporale</strong></span> <span class='ocrx_word' id='word_1_366' title='bbox 1037 3380 1147 3463; x_wconf 79' lang='lat' dir='ltr'><strong>positis.</strong></span> <span class='ocrx_word' id='word_1_367' title='bbox 1177 3377 1246 3459; x_wconf 78' lang='lat' dir='ltr'><strong>(lum</strong></span> <span class='ocrx_word' id='word_1_368' title='bbox 1263 3376 1348 3435; x_wconf 88' lang='lat' dir='ltr'><strong>dicit:</strong></span> 
     </span>
     <span class='ocr_line' id='line_1_41' title="bbox 168 3452 1349 3522; baseline -0.002 -16"><span class='ocrx_word' id='word_1_369' title='bbox 168 3456 245 3506; x_wconf 91' lang='lat' dir='ltr'><strong>ctum</strong></span> <span class='ocrx_word' id='word_1_370' title='bbox 252 3452 539 3519; x_wconf 84' lang='lat' dir='ltr'><strong>quantumcommode</strong></span> <span class='ocrx_word' id='word_1_371' title='bbox 546 3456 746 3522; x_wconf 86' lang='lat' dir='ltr'><strong>potcst,ostcn·</strong></span> <span class='ocrx_word' id='word_1_372' title='bbox 768 3452 1054 3508; x_wconf 80' lang='lat' dir='ltr'><strong>saerosmretumlilii</strong></span> <span class='ocrx_word' id='word_1_373' title='bbox 1067 3453 1117 3514; x_wconf 88' lang='lat' dir='ltr'><strong>tui,</strong></span> <span class='ocrx_word' id='word_1_374' title='bbox 1130 3454 1224 3519; x_wconf 77' lang='lat' dir='ltr'><strong>jungit.</strong></span> <span class='ocrx_word' id='word_1_375' title='bbox 1235 3464 1349 3518; x_wconf 83' lang='lat' dir='ltr'><strong>manus3</strong></span> 
     </span>
     <span class='ocr_line' id='line_1_42' title="bbox 168 3517 1349 3592; baseline 0 -17"><span class='ocrx_word' id='word_1_376' title='bbox 168 3518 211 3577; x_wconf 71' lang='lat' dir='ltr'><strong>elit</strong></span> <span class='ocrx_word' id='word_1_377' title='bbox 235 3519 340 3591; x_wconf 90' lang='lat' dir='ltr'><strong>populo</strong></span> <span class='ocrx_word' id='word_1_378' title='bbox 363 3518 551 3577; x_wconf 83' lang='lat' dir='ltr'><strong>adorandum:</strong></span> <span class='ocrx_word' id='word_1_379' title='bbox 569 3536 635 3577; x_wconf 87' lang='lat' dir='ltr'><strong>mox</strong></span> <span class='ocrx_word' id='word_1_380' title='bbox 654 3522 746 3592; x_wconf 90' lang='lat' dir='ltr'><strong>ipsum</strong></span> <span class='ocrx_word' id='word_1_381' title='bbox 774 3524 803 3575; x_wconf 92' lang='lat' dir='ltr'><strong>et</strong></span> <span class='ocrx_word' id='word_1_382' title='bbox 821 3517 938 3575; x_wconf 83' lang='lat' dir='ltr'><strong>dext-era</strong></span> <span class='ocrx_word' id='word_1_383' title='bbox 956 3518 1070 3587; x_wconf 77' lang='lat' dir='ltr'><strong>signans</strong></span> <span class='ocrx_word' id='word_1_384' title='bbox 1090 3518 1175 3574; x_wconf 88' lang='lat' dir='ltr'><strong>semel</strong></span> <span class='ocrx_word' id='word_1_385' title='bbox 1193 3534 1278 3589; x_wconf 87' lang='lat' dir='ltr'><strong>super</strong></span> <span class='ocrx_word' id='word_1_386' title='bbox 1291 3518 1349 3575; x_wconf 91' lang='lat' dir='ltr'><strong>Ho-</strong></span> 
     </span>
     <span class='ocr_line' id='line_1_43' title="bbox 169 3587 1349 3673; baseline -0.002 -28"><span class='ocrx_word' id='word_1_387' title='bbox 169 3593 337 3645; x_wconf 82' lang='lat' dir='ltr'><strong>reverenter</strong></span> <span class='ocrx_word' id='word_1_388' title='bbox 354 3590 469 3673; x_wconf 80' lang='lat' dir='ltr'><strong>reponit</strong></span> <span class='ocrx_word' id='word_1_389' title='bbox 487 3606 573 3661; x_wconf 85' lang='lat' dir='ltr'><strong>super</strong></span> <span class='ocrx_word' id='word_1_390' title='bbox 591 3588 747 3663; x_wconf 83' lang='lat' dir='ltr'><strong>Corporale</strong></span> <span class='ocrx_word' id='word_1_391' title='bbox 774 3589 857 3646; x_wconf 87' lang='lat' dir='ltr'><strong>stiam</strong></span> <span class='ocrx_word' id='word_1_392' title='bbox 872 3594 991 3656; x_wconf 88' lang='lat' dir='ltr'><strong>tantum,</strong></span> <span class='ocrx_word' id='word_1_393' title='bbox 1015 3596 1044 3644; x_wconf 89' lang='lat' dir='ltr'><strong>et</strong></span> <span class='ocrx_word' id='word_1_394' title='bbox 1068 3588 1153 3645; x_wconf 90' lang='lat' dir='ltr'><strong>semel</strong></span> <span class='ocrx_word' id='word_1_395' title='bbox 1176 3604 1260 3659; x_wconf 86' lang='lat' dir='ltr'><strong>super</strong></span> <span class='ocrx_word' id='word_1_396' title='bbox 1275 3587 1349 3644; x_wconf 83' lang='lat' dir='ltr'><strong>Cali-</strong></span> 
     </span>
     <span class='ocr_line' id='line_1_44' title="bbox 169 3656 1349 3729; baseline -0.001 -14"><span class='ocrx_word' id='word_1_397' title='bbox 169 3660 198 3715; x_wconf 91' lang='lat' dir='ltr'><strong>in</strong></span> <span class='ocrx_word' id='word_1_398' title='bbox 212 3657 305 3714; x_wconf 91' lang='lat' dir='ltr'><strong>locum</strong></span> <span class='ocrx_word' id='word_1_399' title='bbox 317 3659 476 3729; x_wconf 90' lang='lat' dir='ltr'><strong>pristmum,</strong></span> <span class='ocrx_word' id='word_1_400' title='bbox 490 3667 519 3716; x_wconf 90' lang='lat' dir='ltr'><strong>et</strong></span> <span class='ocrx_word' id='word_1_401' title='bbox 532 3675 617 3716; x_wconf 88' lang='lat' dir='ltr'><strong>manu</strong></span> <span class='ocrx_word' id='word_1_402' title='bbox 628 3660 746 3717; x_wconf 84' lang='lat' dir='ltr'><strong>dextera</strong></span> <span class='ocrx_word' id='word_1_403' title='bbox 774 3673 848 3726; x_wconf 91' lang='lat' dir='ltr'><strong>cem,</strong></span> <span class='ocrx_word' id='word_1_404' title='bbox 864 3658 980 3714; x_wconf 87' lang='lat' dir='ltr'><strong>sinistra</strong></span> <span class='ocrx_word' id='word_1_405' title='bbox 999 3674 1084 3729; x_wconf 91' lang='lat' dir='ltr'><strong>super</strong></span> <span class='ocrx_word' id='word_1_406' title='bbox 1099 3656 1254 3729; x_wconf 80' lang='lat' dir='ltr'><strong>Corporale</strong></span> <span class='ocrx_word' id='word_1_407' title='bbox 1275 3658 1349 3729; x_wconf 86' lang='lat' dir='ltr'><strong>posi-</strong></span> 
     </span>
     <span class='ocr_line' id='line_1_45' title="bbox 169 3727 1339 3803; baseline 0.003 -19"><span class='ocrx_word' id='word_1_408' title='bbox 169 3727 248 3801; x_wconf 82' lang='lat' dir='ltr'><strong>pallu</strong></span> <span class='ocrx_word' id='word_1_409' title='bbox 264 3729 401 3799; x_wconf 85' lang='lat' dir='ltr'><strong>cooperit,</strong></span> <span class='ocrx_word' id='word_1_410' title='bbox 418 3743 451 3785; x_wconf 92' lang='lat' dir='ltr'><strong>ac</strong></span> <span class='ocrx_word' id='word_1_411' title='bbox 469 3727 634 3799; x_wconf 79' lang='lat' dir='ltr'><strong>genuflexus</strong></span> <span class='ocrx_word' id='word_1_412' title='bbox 647 3729 747 3787; x_wconf 85' lang='lat' dir='ltr'><strong>Sacra-</strong></span> <span class='ocrx_word' id='word_1_413' title='bbox 774 3734 813 3798; x_wconf 90' lang='lat' dir='ltr'><strong>ta,</strong></span> <span class='ocrx_word' id='word_1_414' title='bbox 826 3728 971 3785; x_wconf 79' lang='lat' dir='ltr'><strong>‹licit2t‘or</strong></span> <span class='ocrx_word' id='word_1_415' title='bbox 983 3729 1000 3794; x_wconf 69' lang='lat' dir='ltr'><strong>i·</strong></span> <span class='ocrx_word' id='word_1_416' title='bbox 1013 3747 1072 3801; x_wconf 69' lang='lat' dir='ltr'><strong>pne</strong></span> <span class='ocrx_word' id='word_1_417' title='bbox 1086 3739 1110 3786; x_wconf 84' lang='lat' dir='ltr'><strong>el</strong></span> <span class='ocrx_word' id='word_1_418' title='bbox 1127 3733 1181 3786; x_wconf 69' lang='lat' dir='ltr'><strong>Sam</strong></span> <span class='ocrx_word' id='word_1_419' title='bbox 1197 3731 1213 3788; x_wconf 86' lang='lat' dir='ltr'><strong>i·</strong></span> <span class='ocrx_word' id='word_1_420' title='bbox 1229 3734 1339 3803; x_wconf 71' lang='lat' dir='ltr'><strong>munem</strong></span> 
     </span>
     <span class='ocr_line' id='line_1_46' title="bbox 171 3795 1341 3870; baseline 0.003 -15"><span class='ocrx_word' id='word_1_421' title='bbox 171 3804 297 3855; x_wconf 87' lang='lat' dir='ltr'><strong>mentum</strong></span> <span class='ocrx_word' id='word_1_422' title='bbox 311 3803 472 3855; x_wconf 86' lang='lat' dir='ltr'><strong>veneratur.</strong></span> <span class='ocrx_word' id='word_1_423' title='bbox 768 3799 981 3870; x_wconf 70' lang='lat' dir='ltr'><strong>sninpsorimu:</strong></span> <span class='ocrx_word' id='word_1_424' title='bbox 1001 3803 1103 3854; x_wconf 90' lang='lat' dir='ltr'><strong>etcum</strong></span> <span class='ocrx_word' id='word_1_425' title='bbox 1115 3795 1281 3859; x_wconf 78' lang='lat' dir='ltr'><strong>dicitzomui</strong></span> <span class='ocrx_word' id='word_1_426' title='bbox 1295 3803 1341 3858; x_wconf 83' lang='lat' dir='ltr'><strong>lm-</strong></span> 
     </span>
     <span class='ocr_line' id='line_1_47' title="bbox 205 3865 1351 3936; baseline -0.001 -13"><span class='ocrx_word' id='word_1_427' title='bbox 205 3870 231 3924; x_wconf 84' lang='grc'><strong>8.</strong></span> <span class='ocrx_word' id='word_1_428' title='bbox 249 3866 378 3924; x_wconf 74' lang='lat' dir='ltr'><strong>lullissa</strong></span> <span class='ocrx_word' id='word_1_429' title='bbox 390 3868 509 3926; x_wconf 83' lang='lat' dir='ltr'><strong>solemni</strong></span> <span class='ocrx_word' id='word_1_430' title='bbox 521 3868 557 3925; x_wconf 91' lang='lat' dir='ltr'><strong>ad</strong></span> <span class='ocrx_word' id='word_1_431' title='bbox 570 3868 747 3926; x_wconf 87' lang='lat' dir='ltr'><strong>liuemPrae-</strong></span> <span class='ocrx_word' id='word_1_432' title='bbox 768 3869 928 3926; x_wconf 79' lang='lat' dir='ltr'><strong>rmlietiom·</strong></span> <span class='ocrx_word' id='word_1_433' title='bbox 941 3870 959 3934; x_wconf 82' lang='lat' dir='ltr'><strong>i‘·</strong></span> <span class='ocrx_word' id='word_1_434' title='bbox 974 3869 1096 3929; x_wconf 77' lang='lat' dir='ltr'><strong>coelesti,</strong></span> <span class='ocrx_word' id='word_1_435' title='bbox 1122 3868 1162 3923; x_wconf 86' lang='lat' dir='ltr'><strong>sei</strong></span> <span class='ocrx_word' id='word_1_436' title='bbox 1184 3881 1245 3922; x_wconf 93' lang='lat' dir='ltr'><strong>sum</strong></span> <span class='ocrx_word' id='word_1_437' title='bbox 1258 3865 1351 3936; x_wconf 80' lang='lat' dir='ltr'><strong>signat</strong></span> 
     </span>
     <span class='ocr_line' id='line_1_48' title="bbox 170 3884 1350 4019; baseline -0.003 -26"><span class='ocrx_word' id='word_1_438' title='bbox 170 3936 289 3995; x_wconf 82' lang='lat' dir='ltr'><strong>lotionis</strong></span> <span class='ocrx_word' id='word_1_439' title='bbox 303 3937 496 3995; x_wconf 86' lang='lat' dir='ltr'><strong>accenduntur</strong></span> <span class='ocrx_word' id='word_1_440' title='bbox 509 3938 564 3996; x_wconf 91' lang='lat' dir='ltr'><strong>duo</strong></span> <span class='ocrx_word' id='word_1_441' title='bbox 584 3940 684 3996; x_wconf 85' lang='lat' dir='ltr'><strong>saltem</strong></span> <span class='ocrx_word' id='word_1_442' title='bbox 704 3942 747 3997; x_wconf 92' lang='lat' dir='ltr'><strong>in·</strong></span> <span class='ocrx_word' id='word_1_443' title='bbox 775 3935 898 3994; x_wconf 82' lang='lat' dir='ltr'><strong>atronte</strong></span> <span class='ocrx_word' id='word_1_444' title='bbox 909 3936 946 3994; x_wconf 88' lang='lat' dir='ltr'><strong>ad</strong></span> <span class='ocrx_word' id='word_1_445' title='bbox 959 3942 1058 4019; x_wconf 85' lang='lat' dir='ltr'><strong>pectus</strong></span> <span class='ocrx_word' id='word_1_446' title='bbox 1071 3931 1151 4007; x_wconf 83' lang='lat' dir='ltr'><strong>signo</strong></span> <span class='ocrx_word' id='word_1_447' title='bbox 1160 3884 1267 3996; x_wconf 50' lang='lat' dir='ltr'><strong>inicis,</strong></span> <span class='ocrx_word' id='word_1_448' title='bbox 1281 3934 1350 3991; x_wconf 85' lang='lat' dir='ltr'><strong>sini-</strong></span> 
     </span>
     <span class='ocr_line' id='line_1_49' title="bbox 170 4004 1350 4081; baseline -0.004 -16"><span class='ocrx_word' id='word_1_449' title='bbox 170 4007 288 4065; x_wconf 87' lang='lat' dir='ltr'><strong>torticia</strong></span> <span class='ocrx_word' id='word_1_450' title='bbox 294 4004 330 4062; x_wconf 90' lang='lat' dir='ltr'><strong>ab</strong></span> <span class='ocrx_word' id='word_1_451' title='bbox 336 4006 572 4080; x_wconf 83' lang='lat' dir='ltr'><strong>Acolythis,quae</strong></span> <span class='ocrx_word' id='word_1_452' title='bbox 578 4009 747 4079; x_wconf 78' lang='lat' dir='ltr'><strong>extinguun-</strong></span> <span class='ocrx_word' id='word_1_453' title='bbox 774 4013 835 4064; x_wconf 89' lang='lat' dir='ltr'><strong>stra</strong></span> <span class='ocrx_word' id='word_1_454' title='bbox 849 4007 942 4078; x_wconf 90' lang='lat' dir='ltr'><strong>posita</strong></span> <span class='ocrx_word' id='word_1_455' title='bbox 957 4005 1032 4063; x_wconf 86' lang='lat' dir='ltr'><strong>mira</strong></span> <span class='ocrx_word' id='word_1_456' title='bbox 1047 4013 1153 4081; x_wconf 77' lang='lat' dir='ltr'><strong>pectus,</strong></span> <span class='ocrx_word' id='word_1_457' title='bbox 1167 4014 1195 4063; x_wconf 90' lang='lat' dir='ltr'><strong>et</strong></span> <span class='ocrx_word' id='word_1_458' title='bbox 1205 4005 1350 4077; x_wconf 85' lang='lat' dir='ltr'><strong>prosequi·</strong></span> 
     </span>
     <span class='ocr_line' id='line_1_50' title="bbox 172 4073 1350 4158; baseline -0.003 -23"><span class='ocrx_word' id='word_1_459' title='bbox 172 4083 221 4135; x_wconf 89' lang='lat' dir='ltr'><strong>tur</strong></span> <span class='ocrx_word' id='word_1_460' title='bbox 248 4080 314 4158; x_wconf 85' lang='lat' dir='ltr'><strong>post</strong></span> <span class='ocrx_word' id='word_1_461' title='bbox 337 4076 524 4135; x_wconf 82' lang='lat' dir='ltr'><strong>elevationem</strong></span> <span class='ocrx_word' id='word_1_462' title='bbox 549 4076 666 4138; x_wconf 72' lang='lat' dir='ltr'><strong>Calicis,</strong></span> <span class='ocrx_word' id='word_1_463' title='bbox 691 4080 748 4136; x_wconf 89' lang='lat' dir='ltr'><strong>nisi</strong></span> <span class='ocrx_word' id='word_1_464' title='bbox 775 4083 869 4136; x_wconf 73' lang='lat' dir='ltr'><strong>tumet</strong></span> <span class='ocrx_word' id='word_1_465' title='bbox 883 4081 975 4152; x_wconf 65' lang='lat' dir='ltr'><strong>gratia</strong></span> <span class='ocrx_word' id='word_1_466' title='bbox 991 4082 1157 4153; x_wconf 81' lang='lat' dir='ltr'><strong>replemrmr.</strong></span> <span class='ocrx_word' id='word_1_467' title='bbox 1184 4076 1254 4133; x_wconf 85' lang='lat' dir='ltr'><strong>Cum</strong></span> <span class='ocrx_word' id='word_1_468' title='bbox 1268 4073 1350 4130; x_wconf 87' lang='lat' dir='ltr'><strong>dicit:</strong></span> 
     </span>
     <span class='ocr_line' id='line_1_51' title="bbox 171 4146 1217 4228; baseline -0.003 -25"><span class='ocrx_word' id='word_1_469' title='bbox 171 4147 260 4218; x_wconf 80' lang='lat' dir='ltr'><strong>aliqui</strong></span> <span class='ocrx_word' id='word_1_470' title='bbox 270 4146 328 4202; x_wconf 88' lang='lat' dir='ltr'><strong>sint</strong></span> <span class='ocrx_word' id='word_1_471' title='bbox 338 4147 572 4216; x_wconf 85' lang='lat' dir='ltr'><strong>communicandi,</strong></span> <span class='ocrx_word' id='word_1_472' title='bbox 582 4155 611 4205; x_wconf 91' lang='lat' dir='ltr'><strong>et</strong></span> <span class='ocrx_word' id='word_1_473' title='bbox 620 4155 686 4205; x_wconf 89' lang='lat' dir='ltr'><strong>tunc</strong></span> <span class='ocrx_word' id='word_1_474' title='bbox 700 4165 747 4205; x_wconf 84' lang='lat' dir='ltr'><strong>en·</strong></span> <span class='ocrx_word' id='word_1_475' title='bbox 770 4150 824 4204; x_wconf 82' lang='lat' dir='ltr'><strong>Per·</strong></span> <span class='ocrx_word' id='word_1_476' title='bbox 841 4152 977 4208; x_wconf 78' lang='lat' dir='ltr'><strong>currulem.</strong></span> <span class='ocrx_word' id='word_1_477' title='bbox 1000 4146 1097 4228; x_wconf 74' lang='lat' dir='ltr'><strong>jungit</strong></span> <span class='ocrx_word' id='word_1_478' title='bbox 1110 4162 1217 4203; x_wconf 86' lang='lat' dir='ltr'><strong>manus.</strong></span> 
     </span>
     <span class='ocr_line' id='line_1_52' title="bbox 171 4216 1342 4288; baseline -0.001 -13"><span class='ocrx_word' id='word_1_479' title='bbox 171 4218 214 4275; x_wconf 91' lang='lat' dir='ltr'><strong>tiu</strong></span> <span class='ocrx_word' id='word_1_480' title='bbox 254 4221 342 4273; x_wconf 89' lang='lat' dir='ltr'><strong>untur</strong></span> <span class='ocrx_word' id='word_1_481' title='bbox 359 4223 424 4288; x_wconf 91' lang='lat' dir='ltr'><strong>post</strong></span> <span class='ocrx_word' id='word_1_482' title='bbox 442 4216 681 4275; x_wconf 84' lang='lat' dir='ltr'><strong>Communioncm.</strong></span> <span class='ocrx_word' id='word_1_483' title='bbox 714 4219 747 4275; x_wconf 92' lang='lat' dir='ltr'><strong>In</strong></span> <span class='ocrx_word' id='word_1_484' title='bbox 810 4220 835 4273; x_wconf 81' lang='lat'><strong>2.</strong></span> <span class='ocrx_word' id='word_1_485' title='bbox 860 4216 930 4273; x_wconf 88' lang='lat' dir='ltr'><strong>Cum</strong></span> <span class='ocrx_word' id='word_1_486' title='bbox 954 4216 1196 4275; x_wconf 74' lang='lat' dir='ltr'><strong>dicrtzileunnto</strong></span> <span class='ocrx_word' id='word_1_487' title='bbox 1225 4220 1342 4276; x_wconf 80' lang='lat' dir='ltr'><strong>lioruinc</strong></span> 
     </span>
     <span class='ocr_line' id='line_1_53' title="bbox 171 4285 1340 4357; baseline 0.001 -15"><span class='ocrx_word' id='word_1_488' title='bbox 171 4285 218 4343; x_wconf 81' lang='lat' dir='ltr'><strong>die</strong></span> <span class='ocrx_word' id='word_1_489' title='bbox 239 4302 272 4343; x_wconf 83' lang='lat' dir='ltr'><strong>aa</strong></span> <span class='ocrx_word' id='word_1_490' title='bbox 285 4286 371 4343; x_wconf 88' lang='lat' dir='ltr'><strong>etiam</strong></span> <span class='ocrx_word' id='word_1_491' title='bbox 381 4286 563 4357; x_wconf 83' lang='lat' dir='ltr'><strong>jejnniorum,</strong></span> <span class='ocrx_word' id='word_1_492' title='bbox 575 4293 601 4344; x_wconf 88' lang='lat' dir='ltr'><strong>et</strong></span> <span class='ocrx_word' id='word_1_493' title='bbox 613 4288 641 4343; x_wconf 88' lang='lat' dir='ltr'><strong>iu</strong></span> <span class='ocrx_word' id='word_1_494' title='bbox 652 4288 749 4346; x_wconf 86' lang='lat' dir='ltr'><strong>Missis</strong></span> <span class='ocrx_word' id='word_1_495' title='bbox 768 4287 937 4344; x_wconf 81' lang='lat' dir='ltr'><strong>sarrmlomm</strong></span> <span class='ocrx_word' id='word_1_496' title='bbox 973 4289 1193 4354; x_wconf 77' lang='lat' dir='ltr'><strong>liuuularuumue</strong></span> <span class='ocrx_word' id='word_1_497' title='bbox 1229 4297 1340 4345; x_wconf 85' lang='lat' dir='ltr'><strong>tuarum</strong></span> 
     </span>
     <span class='ocr_line' id='line_1_54' title="bbox 172 4352 1352 4432; baseline -0.006 -19"><span class='ocrx_word' id='word_1_498' title='bbox 172 4373 225 4428; x_wconf 92' lang='lat' dir='ltr'><strong>pro</strong></span> <span class='ocrx_word' id='word_1_499' title='bbox 243 4352 392 4413; x_wconf 83' lang='lat' dir='ltr'><strong>Defunctis</strong></span> <span class='ocrx_word' id='word_1_500' title='bbox 411 4362 545 4414; x_wconf 86' lang='lat' dir='ltr'><strong>tenentur</strong></span> <span class='ocrx_word' id='word_1_501' title='bbox 564 4373 682 4415; x_wconf 85' lang='lat' dir='ltr'><strong>aceensa</strong></span> <span class='ocrx_word' id='word_1_502' title='bbox 703 4375 748 4415; x_wconf 88' lang='lat' dir='ltr'><strong>us·</strong></span> <span class='ocrx_word' id='word_1_503' title='bbox 776 4364 837 4425; x_wconf 82' lang='lat' dir='ltr'><strong>etc,</strong></span> <span class='ocrx_word' id='word_1_504' title='bbox 848 4357 972 4412; x_wconf 87' lang='lat' dir='ltr'><strong>extensis</strong></span> <span class='ocrx_word' id='word_1_505' title='bbox 982 4361 1011 4412; x_wconf 89' lang='lat' dir='ltr'><strong>et</strong></span> <span class='ocrx_word' id='word_1_506' title='bbox 1023 4355 1129 4426; x_wconf 87' lang='lat' dir='ltr'><strong>junctis</strong></span> <span class='ocrx_word' id='word_1_507' title='bbox 1142 4352 1271 4410; x_wconf 85' lang='lat' dir='ltr'><strong>manibus</strong></span> <span class='ocrx_word' id='word_1_508' title='bbox 1285 4357 1352 4432; x_wconf 78' lang='lat' dir='ltr'><strong>ante</strong></span> 
     </span>
     <span class='ocr_line' id='line_1_55' title="bbox 173 4421 1351 4552; baseline -0.005 -69"><span class='ocrx_word' id='word_1_509' title='bbox 173 4441 226 4552; x_wconf 47' lang='lat' dir='ltr'><strong>zue</strong></span> <span class='ocrx_word' id='word_1_510' title='bbox 246 4423 282 4481; x_wconf 86' lang='lat' dir='ltr'><strong>ad</strong></span> <span class='ocrx_word' id='word_1_511' title='bbox 300 4424 540 4484; x_wconf 85' lang='lat' dir='ltr'><strong>Communionem.</strong></span> <span class='ocrx_word' id='word_1_512' title='bbox 567 4425 636 4484; x_wconf 87' lang='lat' dir='ltr'><strong>Cum</strong></span> <span class='ocrx_word' id='word_1_513' title='bbox 653 4435 749 4485; x_wconf 89' lang='lat' dir='ltr'><strong>autem</strong></span> <span class='ocrx_word' id='word_1_514' title='bbox 777 4432 882 4499; x_wconf 84' lang='lat' dir='ltr'><strong>pectus,</strong></span> <span class='ocrx_word' id='word_1_515' title='bbox 901 4432 1032 4495; x_wconf 83' lang='lat' dir='ltr'><strong>eiusque</strong></span> <span class='ocrx_word' id='word_1_516' title='bbox 1049 4424 1085 4481; x_wconf 87' lang='lat' dir='ltr'><strong>ad</strong></span> <span class='ocrx_word' id='word_1_517' title='bbox 1104 4421 1204 4479; x_wconf 83' lang='lat' dir='ltr'><strong>faciem</strong></span> <span class='ocrx_word' id='word_1_518' title='bbox 1226 4422 1351 4490; x_wconf 79' lang='lat' dir='ltr'><strong>elevatis,</strong></span> 
     </span>
     <span class='ocr_line' id='line_1_56' title="bbox 195 4493 1352 4571; baseline -0.005 -20"><span class='ocrx_word' id='word_1_519' title='bbox 195 4494 327 4552; x_wconf 88' lang='lat' dir='ltr'><strong>elebrans</strong></span> <span class='ocrx_word' id='word_1_520' title='bbox 348 4494 431 4552; x_wconf 88' lang='lat' dir='ltr'><strong>dicit:</strong></span> <span class='ocrx_word' id='word_1_521' title='bbox 460 4497 548 4567; x_wconf 65' lang='lat' dir='ltr'><strong>iliram</strong></span> <span class='ocrx_word' id='word_1_522' title='bbox 569 4496 740 4556; x_wconf 85' lang='lat' dir='ltr'><strong>oblationem</strong></span> <span class='ocrx_word' id='word_1_523' title='bbox 777 4504 806 4553; x_wconf 94' lang='lat' dir='ltr'><strong>ct</strong></span> <span class='ocrx_word' id='word_1_524' title='bbox 826 4496 943 4552; x_wconf 88' lang='lat' dir='ltr'><strong>intentis</strong></span> <span class='ocrx_word' id='word_1_525' title='bbox 966 4495 1056 4552; x_wconf 88' lang='lat' dir='ltr'><strong>oculis</strong></span> <span class='ocrx_word' id='word_1_526' title='bbox 1081 4494 1117 4549; x_wconf 82' lang='lat' dir='ltr'><strong>au</strong></span> <span class='ocrx_word' id='word_1_527' title='bbox 1138 4493 1352 4571; x_wconf 83' lang='lat' dir='ltr'><strong>Sacramentum</strong></span> 
     </span>
     <span class='ocr_line' id='line_1_57' title="bbox 173 4563 1353 4640; baseline -0.006 -19"><span class='ocrx_word' id='word_1_528' title='bbox 173 4573 235 4632; x_wconf 76' lang='lat' dir='ltr'><strong>etc,</strong></span> <span class='ocrx_word' id='word_1_529' title='bbox 254 4564 399 4622; x_wconf 83' lang='lat' dir='ltr'><strong>Diaconus</strong></span> <span class='ocrx_word' id='word_1_530' title='bbox 413 4565 522 4623; x_wconf 85' lang='lat' dir='ltr'><strong>accedit</strong></span> <span class='ocrx_word' id='word_1_531' title='bbox 534 4565 640 4638; x_wconf 81' lang='lat' dir='ltr'><strong>adejm</strong></span> <span class='ocrx_word' id='word_1_532' title='bbox 654 4566 750 4635; x_wconf 77' lang='lat' dir='ltr'><strong>dexte·</strong></span> <span class='ocrx_word' id='word_1_533' title='bbox 777 4582 861 4638; x_wconf 87' lang='lat' dir='ltr'><strong>super</strong></span> <span class='ocrx_word' id='word_1_534' title='bbox 884 4565 992 4636; x_wconf 74' lang='lat' dir='ltr'><strong>Altero,</strong></span> <span class='ocrx_word' id='word_1_535' title='bbox 1016 4563 1084 4620; x_wconf 87' lang='lat' dir='ltr'><strong>facit</strong></span> <span class='ocrx_word' id='word_1_536' title='bbox 1109 4567 1353 4640; x_wconf 78' lang='lat' dir='ltr'><strong>commemoratio·</strong></span> 
     </span>
     <span class='ocr_line' id='line_1_58' title="bbox 173 4630 1353 4709; baseline -0.007 -18"><span class='ocrx_word' id='word_1_537' title='bbox 173 4651 243 4704; x_wconf 89' lang='lat' dir='ltr'><strong>ram,</strong></span> <span class='ocrx_word' id='word_1_538' title='bbox 261 4641 290 4691; x_wconf 89' lang='lat' dir='ltr'><strong>et</strong></span> <span class='ocrx_word' id='word_1_539' title='bbox 304 4632 345 4691; x_wconf 88' lang='lat' dir='ltr'><strong>ibi</strong></span> <span class='ocrx_word' id='word_1_540' title='bbox 360 4636 389 4691; x_wconf 92' lang='lat' dir='ltr'><strong>iu</strong></span> <span class='ocrx_word' id='word_1_541' title='bbox 409 4636 549 4708; x_wconf 88' lang='lat' dir='ltr'><strong>superiori</strong></span> <span class='ocrx_word' id='word_1_542' title='bbox 567 4637 656 4708; x_wconf 78' lang='lat' dir='ltr'><strong>gradu</strong></span> <span class='ocrx_word' id='word_1_543' title='bbox 669 4636 750 4694; x_wconf 83' lang='lat' dir='ltr'><strong>Alta·</strong></span> <span class='ocrx_word' id='word_1_544' title='bbox 778 4652 841 4691; x_wconf 86' lang='lat' dir='ltr'><strong>nem</strong></span> <span class='ocrx_word' id='word_1_545' title='bbox 856 4634 980 4692; x_wconf 76' lang='lat' dir='ltr'><strong>lirlelium</strong></span> <span class='ocrx_word' id='word_1_546' title='bbox 1001 4632 1214 4696; x_wconf 86' lang='lat' dir='ltr'><strong>Defunctorum,</strong></span> <span class='ocrx_word' id='word_1_547' title='bbox 1237 4630 1272 4687; x_wconf 82' lang='lat' dir='ltr'><strong>tle</strong></span> <span class='ocrx_word' id='word_1_548' title='bbox 1292 4645 1353 4709; x_wconf 72' lang='grc' dir='ltr'><strong>φη·</strong></span> 
     </span>
     <span class='ocr_line' id='line_1_59' title="bbox 174 4697 1353 4781; baseline -0.008 -20"><span class='ocrx_word' id='word_1_549' title='bbox 174 4705 213 4761; x_wconf 89' lang='lat' dir='ltr'><strong>ris</strong></span> <span class='ocrx_word' id='word_1_550' title='bbox 241 4701 420 4774; x_wconf 77' lang='lat' dir='ltr'><strong>genuflexus,</strong></span> <span class='ocrx_word' id='word_1_551' title='bbox 445 4721 508 4763; x_wconf 92' lang='lat' dir='ltr'><strong>cum</strong></span> <span class='ocrx_word' id='word_1_552' title='bbox 535 4705 749 4764; x_wconf 81' lang='lat' dir='ltr'><strong>Sacramentum</strong></span> <span class='ocrx_word' id='word_1_553' title='bbox 777 4704 830 4762; x_wconf 89' lang='lat' dir='ltr'><strong>bus</strong></span> <span class='ocrx_word' id='word_1_554' title='bbox 843 4705 896 4762; x_wconf 90' lang='lat' dir='ltr'><strong>sibi</strong></span> <span class='ocrx_word' id='word_1_555' title='bbox 913 4703 1033 4772; x_wconf 82' lang='lat' dir='ltr'><strong>videtur,</strong></span> <span class='ocrx_word' id='word_1_556' title='bbox 1048 4701 1249 4769; x_wconf 85' lang='lat' dir='ltr'><strong>eodemmodo,</strong></span> <span class='ocrx_word' id='word_1_557' title='bbox 1264 4697 1353 4781; x_wconf 62' lang='lat' dir='ltr'><strong>ullh&#39;</strong></span> 
     </span>
     <span class='ocr_line' id='line_1_60' title="bbox 175 4772 1354 4843; baseline -0.007 -12"><span class='ocrx_word' id='word_1_558' title='bbox 175 4774 311 4841; x_wconf 82' lang='lat' dir='ltr'><strong>elevatur,</strong></span> <span class='ocrx_word' id='word_1_559' title='bbox 339 4772 467 4832; x_wconf 84' lang='lat' dir='ltr'><strong>fimbrias</strong></span> <span class='ocrx_word' id='word_1_560' title='bbox 490 4774 624 4833; x_wconf 83' lang='lat' dir='ltr'><strong>Planetae</strong></span> <span class='ocrx_word' id='word_1_561' title='bbox 650 4776 750 4843; x_wconf 85' lang='lat' dir='ltr'><strong>elevat,</strong></span> <span class='ocrx_word' id='word_1_562' title='bbox 778 4781 854 4833; x_wconf 89' lang='lat' dir='ltr'><strong>ctum</strong></span> <span class='ocrx_word' id='word_1_563' title='bbox 874 4782 916 4832; x_wconf 88' lang='lat' dir='ltr'><strong>est</strong></span> <span class='ocrx_word' id='word_1_564' title='bbox 936 4774 970 4831; x_wconf 73' lang='lat' dir='ltr'><strong>ele</strong></span> <span class='ocrx_word' id='word_1_565' title='bbox 988 4772 1254 4831; x_wconf 85' lang='lat' dir='ltr'><strong>commemoratione</strong></span> <span class='ocrx_word' id='word_1_566' title='bbox 1275 4784 1354 4824; x_wconf 73' lang='lat' dir='ltr'><strong>vrso-</strong></span> 
     </span>
     <span class='ocr_line' id='line_1_61' title="bbox 176 4838 1354 4918; baseline -0.008 -15"><span class='ocrx_word' id='word_1_567' title='bbox 176 4844 330 4918; x_wconf 74' lang='lat' dir='ltr'><strong>equando</strong></span> <span class='ocrx_word' id='word_1_568' title='bbox 345 4860 416 4915; x_wconf 86' lang='lat' dir='ltr'><strong>opus</strong></span> <span class='ocrx_word' id='word_1_569' title='bbox 432 4851 483 4914; x_wconf 87' lang='lat' dir='ltr'><strong>est,</strong></span> <span class='ocrx_word' id='word_1_570' title='bbox 502 4861 532 4903; x_wconf 84' lang='lat' dir='ltr'><strong>ae</strong></span> <span class='ocrx_word' id='word_1_571' title='bbox 551 4847 661 4918; x_wconf 76' lang='lat' dir='ltr'><strong>erigens</strong></span> <span class='ocrx_word' id='word_1_572' title='bbox 677 4845 751 4903; x_wconf 88' lang='lat' dir='ltr'><strong>Cali—</strong></span> <span class='ocrx_word' id='word_1_573' title='bbox 779 4862 850 4902; x_wconf 89' lang='lat' dir='ltr'><strong>mm.</strong></span> <span class='ocrx_word' id='word_1_574' title='bbox 887 4845 949 4916; x_wconf 83' lang='lat' dir='ltr'><strong>Qua</strong></span> <span class='ocrx_word' id='word_1_575' title='bbox 975 4843 1243 4902; x_wconf 86' lang='lat' dir='ltr'><strong>commemoratione</strong></span> <span class='ocrx_word' id='word_1_576' title='bbox 1270 4838 1354 4905; x_wconf 85' lang='lat' dir='ltr'><strong>facta,</strong></span> 
     </span>
    </p>
   </div>
   <div class='ocr_carea' id='block_1_5' title="bbox 741 4991 768 5032">
    <p class='ocr_par' dir='ltr' id='par_1_5' title="bbox 741 4991 768 5032">
     <span class='ocr_line' id='line_1_62' title="bbox 741 4991 768 5032; baseline 0 0"><span class='ocrx_word' id='word_1_577' title='bbox 741 4991 768 5032; x_wconf 70' lang='lat'><strong>55</strong></span> 
     </span>
    </p>
   </div>
   <div class='ocr_carea' id='block_1_6' title="bbox 0 0 1533 5400">
    <p class='ocr_par' dir='ltr' id='par_1_6' title="bbox 0 0 1533 5400">
     <span class='ocr_line' id='line_1_63' title="bbox 0 0 1533 5400; baseline 0 0"><span class='ocrx_word' id='word_1_578' title='bbox 0 0 1533 5400; x_wconf 95' lang='lat' dir='ltr'><strong> </strong></span> 
     </span>
    </p>
   </div>
  </div>
 </body>
</html>
