3025 5400
167 520 232 587 256
630 514 732 575 Canon
757 514 867 575 Missae.

226 651 580 720 commemoratio
605 669 682 734 pro
763 657 1159 754 Andrgaejmbjd

376 758 518 826 Μ·
732 774 744 830 -’
764 777 1162 874 rhomaeuaoour

303 904 478 998 mento,
531 901 730 998 Domine,
764 901 1085 995 Bartholomaei,
1121 900 1165 980 M

287 1023 561 1118 famulorum,
599 1024 732 1105 fernu-
764 1022 944 1105 Simonis
998 1030 1043 1105 et
1096 1021 1164 1102 Th

164 1146 383 1253 larquue
415 1146 586 1229 iodrum
611 1142 665 1222 N.
691 1153 737 1228 et
767 1145 879 1239 Lini,
917 1141 1048 1238 cleti,
1081 1140 1165 1225 Cle]

166 1264 220 1344 N.
258 1262 285 1341 J
288 1264 414 1369 ungit
436 1290 609 1354 manus,
647 1274 738 1344 orat
764 1265 903 1374 xysti,
930 1263 1132 1357 CorniliL
1161 1282 1165 1326 ¹

169 1384 480 1487 aliquantulum
521 1411 597 1489 pro
643 1384 735 1487 qui·
763 1387 833 1481 ni,
869 1385 1114 1478 Laurentii,
1152 1384 1165 1463 ‹

167 1505 244 1583 bus
268 1531 385 1583 orare
414 1503 627 1584 intendit:
664 1503 734 1585 de·
763 1509 879 1615 goni,
915 1505 1092 1588 Jodnnis
1124 1512 1165 1585 et

169 1622 269 1704 inde
310 1625 503 1706 monibus
549 1625 736 1705 extensis
765 1625 924 1710 Cosmae
956 1635 1001 1709 et
1031 1625 1165 1707 Demi

168 1745 457 1851 prosequitur.
477 1748 736 1832 Etdmnium
764 1749 956 1831 dmnium
971 1745 1165 1829 Sanetdrr

166 1869 565 1964 eircumstintium,
629 1898 732 1977 quo·
763 1897 883 1951 rum:
928 1896 1111 1974 quorum
1146 1897 1165 1947 1

165 2020 261 2073 rum
302 1992 382 2072 tibi
421 1989 526 2072 fides
565 1991 735 2098 cognita
762 1987 1165 2098 preoibdsqueoono

165 2120 245 2204 est,
273 2119 318 2194 et
333 2121 435 2194 nota
449 2109 635 2194 dev6tio:
656 2140 732 2219 pro
764 2112 809 2192 in
831 2111 1037 2192 omnibus·
1050 2119 1165 2216 prote

166 2231 652 2339 quibustibiofferimus,
668 2231 734 2314 vel
763 2241 848 2313 tuae
882 2230 1127 2314 muniimur
1156 2259 1165 2311 s

168 2353 244 2458 qui
266 2353 345 2434 tibi
368 2353 555 2435 offerunt
574 2351 654 2433 hoe
672 2381 732 2434 so·
766 2353 791 2430 J
795 2354 920 2458 ungit
931 2379 1093 2431 manus.
1120 2351 1165 2432 Ρ(

167 2473 378 2555 orificium
399 2472 549 2567 laudis,
577 2501 730 2580 prose,
765 2473 862 2555 dem
871 2472 1089 2555 Christum
1099 2471 1165 2552 Dd

167 2596 337 2702 suisque
381 2592 601 2677 omnibus:
658 2614 734 2702 pro
763 2602 971 2677 nostrum.
1013 2595 1165 2674 Amen.

166 2714 459 2823 redemptione
500 2715 735 2798 animdrum

167 2838 352 2930 sutirum,
380 2865 457 2944 pro
474 2864 548 2944 spe
569 2836 730 2930 saldtis,

167 2955 212 3040 et
263 2956 570 3040 ineolumitsitis
624 2985 731 3039 suae:

167 3080 332 3183 tibique
394 3077 583 3160 reddunt
639 3086 738 3160 vota
853 3063 948 3143 ΛΗΘ
987 3061 1165 3167 igitur<

169 3224 244 3279 sua
274 3200 429 3280 aeterno
462 3199 578 3293 Deo,
623 3200 731 3293 rim,
878 3209 975 3262 nem
1007 3178 1166 3263 serviisti

169 3328 213 3400 et
236 3346 348 3401 vero.
764 3310 883 3396 strae,
922 3301 997 3384 sed
1019 3310 1064 3385 et
1086 3328 1165 3384 eun

483 3522 490 3535 ι
764 3422 889 3505 mssiae
928 3431 1036 3518 tuae,
1091 3450 1165 3529 que

270 3520 386 3589 Infra
411 3523 631 3589 sotionem.
764 3543 962 3636 nginffi
984 3553 1035 3626 ut
1055 3542 1165 3649 placi

230 3662 611 3758 Ommuniosintes‚
691 3672 736 3746 et
765 3666 919 3771 cipias:
960 3664 1133 3770 diesque

80 3875 82 3888 s
251 3784 495 3866 memdriam
532 3783 733 3867 venerdn·
765 3784 811 3864 in
854 3793 929 3866 tua
969 3813 1070 3892 paee
1116 3784 1165 3865 di.

169 3912 256 3997 tes,
294 3905 339 3985 in
367 3906 517 4010 primis
548 3905 736 4012 glor·idsae
764 3914 892 4010 atque
914 3908 964 3986 ab
986 3906 1142 3987 aeterna

170 4051 336 4130 semper
358 4025 543 4132 Virginis
577 4027 730 4119 Mariae,
764 4026 880 4107 tione
912 4054 988 4109 nos
1021 4027 1159 4133 eripi,

170 4146 387 4249 genitricis
411 4146 507 4238 Dei,
535 4146 732 4228 ethmi·
766 4146 997 4228 electorum
1042 4148 1165 4229 tudru

170 4266 213 4344 ni
243 4250 376 4346 nostri
409 4266 511 4348 Jesu
545 4267 731 4348 Christi:
764 4270 860 4348 beas
921 4296 1047 4375 grege
1102 4298 1165 4349 nu·

171 4385 244 4465 sed
285 4394 329 4466 et
368 4387 586 4469 beatorum
621 4392 733 4494 Apo·
765 4382 791 4459 J
795 4382 918 4486 ungit
929 4408 1093 4463 manus.
1118 4389 1165 4470 Ρ(

171 4504 375 4587 stoldrum
416 4535 462 4589 ae
502 4509 737 4615 Mirtyrum
764 4509 1112 4591 studeminum
1122 4539 1165 4592 n<

168 4625 357 4723 tuorum,
386 4626 503 4714 Petri
526 4638 572 4714 et
598 4630 733 4726 Pauli,
765 4632 915 4711 Amen.

766 2812 899 2881 Tenens
914 2832 1033 2881 manus
1050 2833 1164 2900 expan

912 2898 1034 2984 oblato,
1059 2899 1165 2968 dicens
