3025 5400
511 776 699 857 Praeparatiu
725 778 765 837 ad
790 776 928 837 Missam.

129 881 264 954 lesdas
296 881 545 970 descendebat,
579 886 638 975 qui
669 890 706 955 et
731 884 847 973 pleno:
878 881 1061 954 manducet
1088 887 1123 951 te
1147 880 1302 969 peregri-

129 969 325 1042 nblatibnes
351 977 486 1041 nostras
510 971 643 1074 Corpus
669 976 705 1042 et
731 993 795 1042 nus
818 972 918 1041 homo
937 990 1000 1058 pra
1016 968 1152 1039 mbdulo
1169 988 1239 1053 sun,
1259 988 1302 1036 ne

130 1054 339 1159 Singuinem
367 1063 464 1127 tuum
499 1058 634 1146 efficiat,
670 1064 705 1129 et
733 1058 882 1129 deficere
905 1057 1015 1158 possit
1037 1057 1072 1126 in
1087 1056 1151 1139 via,
1168 1055 1228 1123 tali
1247 1074 1302 1123 re·

130 1164 186 1214 me
209 1143 386 1235 mdignum
411 1145 623 1217 sacerddtenr
644 1146 704 1216 dd·
733 1149 868 1217 creabas
884 1145 1018 1215 viatico.
1057 1142 1159 1213 Panis
1175 1148 1302 1242 sancte,

130 1237 210 1302 reat
236 1238 368 1302 tantum
395 1235 546 1303 tractare
573 1236 703 1323 myste-
758 1233 832 1303 ariis
852 1234 938 1316 vive,
962 1231 1059 1320 panis
1083 1228 1218 1317 munde,
1268 1250 1303 1297 ιιι

130 1319 221 1387 rium
245 1340 321 1388 cum
342 1319 457 1390 cordis
480 1321 640 1409 puritate,
670 1329 705 1391 et
733 1255 939 1391 descendisti
972 1318 1014 1387 de
1045 1318 1140 1419 caela,
1174 1324 1211 1417 et
1242 1251 1303 1384 das

131 1405 704 1511 lacrpmtrumdevntibnecumre
731 1409 839 1477 vitam
873 1406 1019 1492 mundo,
1057 1425 1134 1474 vem
1172 1425 1207 1473 m
1245 1423 1303 1503 cor

131 1493 289 1564 verentia
321 1501 357 1563 et
388 1495 550 1582 tremdre,
584 1497 634 1566 ita
666 1504 706 1566 ut
732 1516 854 1581 meum,
875 1502 911 1564 et
933 1492 1058 1562 munda
1080 1512 1134 1562 me
1153 1492 1196 1561 ab
1212 1510 1304 1559 emm

131 1579 267 1669 placide
294 1601 335 1652 ac
361 1582 507 1670 benigne
539 1584 705 1672 suscipias
732 1583 987 1672 inquinamento
1011 1579 1122 1650 carnis
1146 1586 1181 1648 et
1203 1578 1304 1666 spiri-

132 1667 341 1738 sacriiicium
371 1668 413 1738 de
439 1669 594 1741 manibus
621 1672 705 1741 meis
733 1676 798 1740 tus.
844 1669 940 1738 Intra
963 1669 997 1737 iu
1020 1667 1166 1737 animam
1182 1685 1303 1750 meam,

130 1753 177 1824 ad
199 1755 346 1825 salutem
368 1756 516 1825 bmnium
548 1764 620 1827 tam
652 1759 704 1827 vi-
733 1777 817 1826 sana
846 1762 880 1825 et
910 1753 1038 1824 munda
1073 1774 1127 1823 me
1159 1753 1304 1821 interius

131 1842 264 1929 vdrum,
287 1863 388 1931 quam
411 1842 660 1915 defunctbrum.
733 1852 768 1913 et
804 1843 966 1913 exterius
1021 1841 1107 1911 Esto
1141 1842 1304 1940 tutamen,

341 1977 500 2049 sabbam·
732 1928 1087 2119 {prpprpppmlpeisalpzse
1100 1930 1233 2084 appu}
1250 1933 1306 2082 apg

197 2099 275 2191 Ogo
298 2102 400 2171 etiam
419 2107 454 2171 te
469 2103 625 2191 Dimiue,
641 2125 705 2193 per
732 2105 934 2175 insidiantes
964 2103 1048 2172 milri
1081 2036 1212 2172 dostes:
1248 2120 1304 2170 re·
1389 2100 1392 2104 ’

131 2190 704 2348 snallubffltllliblnml·
732 2191 855 2349 {illl
872 2189 1305 2348 llfdulivlldbfiinlli

132 2363 183 2433 nis
206 2364 270 2449 tui,
304 2296 545 2453 quppquotfflie
578 2366 613 2434 in
670 2387 704 2437 c·
732 2387 796 2455 per
818 2373 853 2438 te
876 2333 1025 2436 mur’rltus
1049 2370 1144 2436 recto
1166 2363 1305 2463 tramite

132 2450 236 2520 clesin
258 2457 321 2519 tua
339 2451 511 2539 pascimur
541 2460 576 2522 et
629 2456 704 2523 otil-
732 2454 777 2523 ad
798 2461 894 2524 tuum
920 2473 1063 2542 regnum
1093 2452 1304 2552 perveniam:

132 2474 703 2640 mur,abluimuretsanctificd)mur,
733 2541 791 2612 ubi
813 2563 879 2611 nnn
901 2541 935 2609 in
959 2540 1142 2639 mysteriis,
1164 2538 1306 2638 sicutin

133 2632 234 2715 atque
251 2626 503 2695 unlussummae
515 2625 705 2698 divinitttis
733 2629 798 2697 hnc
820 2630 974 2715 tempore
995 2629 1120 2728 agitur,
1138 2623 1199 2695 sed
1218 2624 1305 2695 itere

133 2713 318 2801 participes
345 2712 527 2783 efficimur:
553 2714 597 2784 da
622 2716 704 2785 mihi
734 2715 777 2785 ad
800 2714 922 2785 faciem
943 2720 977 2784 te
998 2715 1199 2802 videbimus,
1229 2734 1306 2783 cum

132 2801 278 2870 virtutes
305 2807 384 2870 tuas
407 2806 553 2888 sanctas,
582 2804 705 2891 quibus
734 2802 920 2872 tradideris
940 2822 1083 2891 regnum
1098 2802 1171 2871 Deo
1188 2807 1223 2870 et
1239 2801 1305 2871 Pa·

133 2888 296 2975 repletus,
320 2888 410 2958 bona
433 2889 639 2959 conscientia
662 2890 706 2959 ad
733 2892 789 2977 tri,
826 2898 862 2959 et
899 2891 967 2959 eris
998 2889 1092 2958 Deus
1125 2889 1237 2957 bmnia
1271 2889 1306 2958 in

133 2974 240 3045 altare
264 2980 361 3044 tuum
386 2975 556 3063 accedam,
587 2978 637 3047 ita
667 2984 706 3047 ut
734 2978 900 3047 vimnibus.
947 2976 1042 3047 Tunc
1068 2977 1157 3046 enim
1180 2996 1234 3044 me
1263 2975 1306 3045 de

132 3060 202 3132 lraec
225 3060 379 3135 coelestia
401 3065 615 3133 sacramenta
631 3064 705 3134 effi·
733 3071 769 3134 te
789 3065 930 3134 satiabis
959 3064 1120 3134 satietate
1152 3061 1305 3150 mirifica,

132 3150 265 3218 cidntur
280 3150 363 3221 mihi
380 3150 471 3219 salus
484 3158 519 3220 et
531 3151 612 3220 vita.
654 3152 705 3222 Tu
733 3153 783 3221 ita
801 3159 839 3221 ut
859 3172 921 3221 nec
941 3152 1099 3238 esuriam,
1114 3171 1177 3220 uec
1192 3150 1306 3220 sitiam

133 3237 218 3306 enim
250 3235 369 3307 dixisti
401 3257 461 3307 ere
495 3244 554 3307 tuo
588 3245 705 3309 saucio
733 3239 767 3309 iu
791 3241 967 3309 aternum.
1005 3237 1164 3325 Quicum
1185 3238 1306 3306 eddem

133 3330 165 3392 et
180 3322 380 3395 benedicto:
405 3324 508 3394 Panis
525 3346 625 3414 quem
641 3347 705 3415 ega
733 3327 808 3396 Dea
826 3326 945 3412 Patre,
976 3333 1011 3395 et
1033 3323 1164 3414 Spiritu
1188 3329 1305 3395 sancto

132 3409 228 3497 dabo,
248 3431 330 3480 caro
348 3432 425 3482 mea
442 3421 495 3482 est
510 3433 573 3501 pro
588 3412 705 3482 mundi
733 3414 820 3482 vivis
837 3420 872 3483 et
887 3433 1021 3501 regnas,
1036 3433 1098 3502 per
1114 3412 1224 3481 ‹imnia
1241 3432 1304 3482 sae·

131 3498 209 3566 rita.
263 3497 341 3586 Ego
369 3521 442 3570 sum
470 3501 568 3588 patris
597 3501 704 3589 vivus,
733 3501 809 3571 cula
832 3500 1044 3570 saecularum.
1089 3502 1210 3570 Amen.

131 3584 248 3673 quide
266 3585 352 3655 caelo
369 3586 539 3657 descendi.
578 3586 705 3675 Siquis
885 3624 977 3689 qn,
1006 3625 1157 3690 omi„

131 3672 392 3743 manducaverit
429 3695 472 3743 ex
506 3674 581 3743 hoc·
606 3695 704 3763 pane,
881 3675 886 3690 ¹

130 3760 224 3830 vivet
238 3759 275 3829 in
291 3762 468 3830 aeteruum.
506 3761 610 3830 Panis
630 3760 705 3830 dul·
926 3751 982 3801 ‘¹²¹‘
1004 3746 1110 3801 nursam.

131 3846 277 3935 ciseium,
307 3867 389 3918 sana
411 3848 562 3937 palitum
592 3847 705 3919 cordis
801 3848 832 3917 D
853 3870 1003 3918 mensam
1023 3847 1209 3918 dulcissimi
1223 3868 1305 3917 con·

131 3935 210 4022 mei,
245 3939 287 4005 ut
321 3936 465 4005 sentiam
499 3936 704 4005 suavitatem
818 3936 899 4005 vivii
916 3937 976 4023 tui,
994 3937 1049 4023 pie
1060 3935 1205 4005 Dimine
1218 3934 1304 4005 Jesu

131 4021 256 4092 anrdris
296 4022 357 4092 tui.
416 4022 504 4092 Sana
541 4021 625 4092 illud
661 4023 703 4094 ab
732 4019 872 4109 Christi,
897 4043 960 4111 ega
983 4024 1144 4112 peccator
1165 4022 1208 4091 de
1224 4022 1303 4110 prb-

130 4110 219 4179 omui
231 4109 407 4198 langutre,
421 4115 460 4178 ut
471 4109 597 4179 nullam
614 4130 703 4198 prae-
731 4110 816 4196 priis
836 4111 967 4179 meritis
982 4110 1065 4180 nihil
1084 4112 1304 4198 praesumem,

129 4203 181 4265 ter
219 4201 255 4266 te
294 4196 436 4266 sentiam
480 4196 702 4267 dulcedinem.
732 4194 793 4265 sed
818 4195 860 4266 de
883 4203 941 4266 tua
965 4196 1140 4267 confidens
1169 4196 1304 4265 miseri-

130 4281 231 4354 Panis
270 4282 532 4371 candidissime,
573 4285 703 4354 habens
732 4283 850 4354 cbrdia
880 4290 915 4353 et
944 4284 1108 4370 bonitate,
1140 4284 1304 4354 accedere

131 4390 227 4440 amne
247 4370 545 4458 delectamentum,
575 4379 610 4441 et
632 4392 704 4440 om·
731 4372 854 4440 vereor
877 4377 912 4441 et
935 4373 1170 4462 contremisco.
1215 4371 1304 4440 Nam

130 4475 204 4527 nem
226 4456 397 4547 saperem,
418 4459 477 4547 qui
491 4479 553 4528 nos
570 4479 704 4546 semper
732 4479 791 4528 cnr
822 4465 856 4528 et
885 4478 1009 4547 cerpus
1043 4458 1153 4528 habeo
1188 4457 1304 4527 multis

130 4545 249 4630 reficis,
272 4555 307 4614 et
322 4565 506 4634 numquam
528 4546 564 4615 in
587 4553 623 4615 te
644 4545 703 4615 de·
732 4546 930 4616 criminibus
960 4545 1180 4632 maculatum,
1211 4565 1304 4613 men-

130 4630 212 4702 iicis:
243 4630 403 4704 edmedat
425 4638 460 4702 te
489 4653 548 4703 cor
581 4652 703 4720 meum,
731 4637 801 4701 tem
822 4637 856 4702 et
875 4632 1024 4720 linguam
1045 4654 1112 4703 nou
1131 4639 1230 4702 caute
1246 4654 1304 4702 cu-

131 4727 163 4786 et
189 4718 372 4791 dulcedine
400 4719 534 4809 sapdris
564 4719 615 4789 tui
647 4741 704 4789 re·
732 4718 904 4788 studitam.
943 4719 1046 4808 Ergo,
1063 4740 1083 4788 ο
1100 4719 1156 4808 pia
1173 4720 1305 4804 Deitas,

133 4806 291 4963 winter
305 4807 442 4877 viscera
463 4807 585 4876 inimae
608 4827 702 4876 meae.
732 4827 752 4875 0
776 4805 954 4910 tremenda
969 4807 1141 4907 majestas,
1158 4827 1222 4895 ego
1241 4806 1305 4875 mi-

170 4892 322 4966 audireat
369 4901 405 4965 te
442 4894 597 4984 Angelus
644 4914 704 4965 ore
731 4913 788 4964 ser
810 4899 901 4962 mter
920 4896 1096 4983 angustias
1112 4892 1305 4981 deprehen·
