3025 5400
233 520 295 587 124
500 524 588 584 Furia
609 522 648 583 V.
671 530 741 602 post
765 520 947 583 Durninicuur
974 516 1133 581 Passionis.

232 663 269 728 et
301 678 343 727 ne
378 656 522 745 dissipes
559 660 799 728 testamentum
852 655 1031 725 iirnduule.
1054 655 1174 725 Pseu.
1197 650 1417 735 Ttllitehtj

229 752 342 815 tuum:
375 765 484 833 neque
511 744 645 816 auferas
668 746 799 816 miseri-
827 746 920 833 stias,
943 753 978 816 et
999 747 1137 818 intmite
1151 747 1186 817 in
1202 746 1294 818 ttria
1308 746 1383 837 ejvs:

231 832 380 904 cdrdiam
395 838 488 901 tuam
505 853 525 902 a
541 834 637 905 nobis
658 840 801 922 propter
826 832 968 904 adortte
983 834 1162 905 Diminum
1178 835 1213 905 in
1229 834 1308 905 auls
1318 854 1385 905 suu·

230 921 404 991 Abraham
434 918 594 991 dilectum
624 928 734 1008 tuum,
764 927 799 991 et
826 929 881 991 cta
903 922 985 1023 ejus.
1024 914 1384 997 secessionum
1416 958 1419 1001 ·.

229 1008 327 1078 Isaac
351 1028 484 1077 seruum
506 1014 611 1089 tuum,
636 1015 670 1079 et
691 1008 798 1079 Israel
825 1009 988 1081 Dtmmus
1007 1009 1190 1081 condensa:
1206 1016 1245 1080 et
1259 1010 1294 1079 in
1307 1014 1384 1095 tern-¹
1414 1056 1418 1069 -

229 1104 380 1167 sanctum
412 1100 525 1165 tuum:
557 1096 677 1185 quibus
705 1096 798 1168 lociu-
824 1096 881 1185 plo
896 1097 970 1188 ejus
985 1116 1099 1168 omues
1112 1097 1225 1169 dicent
1241 1096 1383 1188 glumam
1405 1114 1428 1180 ’r

229 1192 286 1285 tuus
307 1204 353 1269 es,
376 1181 546 1271 pellicens,
570 1184 660 1272 quod
683 1184 797 1285 multi·
836 1232 848 1249 -.
922 1236 930 1256 ,
975 1236 982 1250 .
1117 1236 1125 1250 .
1301 1234 1321 1251 ..
1409 1220 1430 1267 ²:

228 1271 372 1361 plictres
411 1290 523 1370 semen
559 1272 677 1372 etrum
711 1277 798 1359 sicut
829 1234 1006 1393 *quffla
1021 1240 1128 1393 ”zen
1143 1234 1322 1385 Ενωξὲξι
1338 1256 1412 1317 ⁸⁶·-

123 1379 126 1389 ·
229 1357 343 1429 stellas
367 1357 455 1440 cmlx,
483 1366 517 1427 et
540 1364 626 1429 sicut
649 1360 797 1446 arenam,
902 1344 920 1393 ⁰
991 1344 1046 1394 ⁰¹¹¹
1098 1344 1204 1394 neam·
1262 1368 1268 1381 ·
1308 1368 1316 1381 ·
1411 1398 1413 1403 -

228 1466 304 1604 ssuae
319 1452 371 1514 est
388 1446 421 1514 in
437 1444 554 1515 littore
569 1448 687 1534 maris3
708 1448 796 1535 quia,
827 1443 965 1613 INiilo
978 1447 1047 1516 tem
1073 1465 1147 1516 cre:
1164 1443 1215 1515 Ro
1241 1442 1384 1517 ibatis
1414 1486 1416 1491 ·

263 1535 381 1621 emine,
405 1533 572 1604 imminuti
588 1555 702 1604 sumus
720 1534 797 1623 plus
879 1552 952 1602 sum
975 1533 1032 1622 qui
1057 1553 1111 1603 um
1134 1531 1177 1601 de
1276 1532 1384 1621 risoeir,
1420 1576 1430 1619 :2

229 1642 327 1710 quam
356 1640 471 1690 omncs
498 1628 633 1710 gentes,
665 1624 796 1691 sumus·
823 1625 863 1690 ut
884 1619 1105 1691 manductret
1126 1640 1202 1691 cum
1232 1616 1301 1691 illo.
1345 1616 1386 1691 m
1418 1641 1420 1645 ·

229 1729 292 1797 que
316 1708 460 1778 humiles
475 1708 509 1777 in
524 1710 684 1780 universa
702 1715 797 1779 terra
824 1708 996 1798 ingressus
1040 1707 1175 1777 domum
1218 1706 1386 1795 Pharisaei,
1418 1750 1431 1797 ·.

228 1795 328 1865 hedie
353 1802 493 1884 propter
515 1800 654 1884 pecctta
668 1802 795 1868 nostra.
824 1795 1004 1866 discubuit.
1061 1795 1110 1865 Et
1147 1815 1226 1866 ecce
1263 1794 1387 1884 mdlier,
1420 1840 1431 1885 5

229 1883 277 1953 Et
303 1904 368 1952 n0n
396 1890 449 1951 est
477 1882 512 1952 in
546 1885 614 1953 tem
641 1905 699 1953 ure
732 1884 797 1954 hoc
824 1903 898 1972 quae
915 1884 1038 1952 eratin
1055 1882 1193 1954 civittte
1211 1882 1386 1971 pecedtru.
1424 1928 1429 1971 ·.

228 1972 345 2059 prince
370 1992 396 2055 s,
417 1975 452 2040 et
469 1969 547 2058 dux,
567 1980 602 2040 et
612 1906 796 2060 Brophetg
824 1977 862 2071 ut
881 1970 1050 2059 cogntus,
1075 1969 1163 2072 quod
1180 1970 1388 2071 accubuisset
1425 2020 1429 2039 .

229 2079 270 2127 ne
295 2078 337 2127 ue
346 1992 595 2145 irolocairstum
618 2079 727 2148 neque
743 2080 796 2128 sa-
823 2080 857 2127 m
879 2056 977 2128 domo
993 2056 1169 2146 Pharrsaer,
1189 2055 1311 2127 dttuht
1324 2054 1388 2129 uls·

228 2147 275 2216 cr'
292 2145 400 2232 icium,
413 2165 521 2233 neque
534 2146 672 2234 oblitio,
686 2166 796 2235 neque
823 2146 977 2217 bestrum
1010 2145 1191 2233 unguenti:
1230 2151 1264 2214 et
1301 2152 1388 2215 stans

228 2234 409 2319 incensum,
432 2253 541 2321 neque
564 2234 656 2305 locus
679 2234 796 2323 primi·
823 2238 917 2302 retro
941 2251 1036 2303 secus
1052 2231 1157 2321 pedes
1175 2232 1259 2321 ejus,
1283 2231 1389 2323 ltcry·
1421 2276 1426 2285 -

227 2321 352 2390 titrum
368 2340 479 2390 ccrnm
501 2327 547 2408 te,
568 2327 606 2391 ut
628 2323 796 2411 possimus
823 2320 886 2390 mis
914 2339 964 2390 coe
988 2321 1018 2389 it
1043 2320 1156 2421 rigere
1179 2320 1288 2409 pedes
1311 2318 1388 2407 eus,

229 2408 379 2478 invenire
401 2408 666 2479 misericerdiam
684 2416 794 2479 tuam:
824 2414 858 2478 et
874 2341 1007 2495 capitiis
1020 2407 1140 2495 cdprtis
1155 2407 1209 2477 sui
1223 2340 1389 2507 tergeist

229 2494 289 2595 sed
312 2496 346 2564 in
369 2496 481 2597 tnimo
497 2498 652 2598 contrito²
676 2503 711 2599 et
727 2497 796 2584 spi·
825 2501 860 2564 et
883 2494 1101 2566 osculabitur
1147 2494 1229 2566 edes
1251 2514 1335 2651 Ἥ
1357 2498 1390 2565 et

228 2589 297 2652 rrtu
328 2581 529 2652 humrlrtttrs
563 2587 795 2673 suscipiemur.
823 2584 994 2669 unguento
1040 2603 1110 2673 ung
1154 2588 1200 2651 at.
1297 2600 1390 2653 reus

228 2670 321 2742 Sicut
348 2670 382 2740 in
410 2669 606 2741 holocausto
640 2674 795 2758 arietum,
824 2664 935 2740 autem
964 2668 1171 2758 Pharisaeus,
1206 2668 1265 2761 qui
1293 2670 1391 2741 voci·

229 2762 264 2827 et
287 2758 471 2844 murdrum,
496 2764 531 2828 et
555 2759 641 2829 sicut
663 2761 697 2829 in
719 2759 795 2829 mil·
823 2763 921 2828 verat
943 2778 1034 2846 eum,
1065 2758 1114 2828 ait
1136 2757 1227 2828 intra
1254 2778 1293 2828 se
1341 2755 1391 2828 di·

229 2846 317 2916 libus
340 2846 502 2935 agndrum
525 2848 716 2936 ptnguium:
749 2847 796 2916 sic
823 2865 919 2916 cens:
949 2845 1015 2915 Hic
1043 2845 1072 2915 si
1095 2852 1185 2915 esset
1208 2813 1390 2934 Propitetu,

228 2933 288 3002 tint
331 2931 531 3003 sacrificium
570 2939 722 3004 nostrum
762 2936 795 3003 in
823 2934 925 3003 sciret
952 2933 1085 3021 utique,
1114 2953 1190 3023 quae
1220 2938 1256 3004 et
1282 2931 1391 3023 qualis

229 3022 410 3109 conspectu
433 3026 492 3089 tuo
515 3021 631 3108 hddie,
661 3028 699 3091 ut
721 3022 795 3112 plt-
823 3027 875 3090 est
897 3018 1033 3106 muilier,
1063 3041 1138 3109 quae
1161 3020 1273 3111 tangit
1297 3039 1390 3094 eum:

229 3116 303 3177 cent
336 3108 417 3178 tibi:
453 3109 608 3196 queniam
643 3131 708 3179 n0n
743 3117 796 3179 est
846 3108 1084 3196 uiapeccdtrix
1100 3113 1163 3178 est.
1186 3107 1235 3179 Et
1249 3127 1307 3178 res
1332 3106 1391 3178 dn·

228 3193 377 3264 contusio
409 3195 654 3296 confidentibus
684 3198 717 3266 in
749 3203 794 3266 te.
823 3131 907 3296 deus
936 3194 1053 3282 Jesus,
1088 3195 1174 3296 dixit
1207 3195 1250 3266 ad
1280 3127 1390 3266 ilium:

229 3281 276 3350 Et
304 3303 391 3352 nunc
414 3285 585 3371 sequimur
607 3289 641 3353 te
664 3285 698 3354 iu
721 3290 794 3353 tcto
823 3281 950 3368 Simon,
974 3282 1083 3353 hebeo
1102 3283 1164 3354 tubi
1187 3283 1233 3353 dli
1257 3281 1318 3352 uid
1340 3279 1392 3352 di·

229 3368 339 3469 ccrde,
364 3376 398 3439 et
411 3371 567 3440 timemus
583 3377 628 3459 te,
653 3378 687 3441 et
704 3393 795 3461 quee-
823 3390 909 3441 cere.
956 3370 1004 3439 At
1034 3370 1091 3439 ille
1118 3370 1180 3440 ait:
1212 3303 1390 3461 iiugistett

228 3477 332 3525 nmus
355 3454 474 3526 ficiem
497 3462 599 3527 tuam.
635 3459 688 3529 Ne
716 3480 794 3529 cun·
823 3457 886 3528 dic.
913 3457 989 3526 Duo
1011 3456 1182 3528 debittres
1202 3464 1303 3528 erant
1322 3457 1390 3528 cui·

228 3542 349 3613 fundas
373 3564 449 3612 nus:
475 3544 534 3614 sed
549 3544 602 3616 fac
621 3547 796 3617 nobiscum
823 3546 899 3615 dam
927 3543 1139 3614 foeneratdri:
1172 3565 1261 3615 unus
1289 3544 1389 3616 debe-

223 3631 323 3720 juxta
365 3631 653 3703 mansuetudinem
692 3640 794 3722 tuam,
823 3634 881 3702 bat
912 3631 1068 3701 dentrice
1124 3633 1322 3722 uiugent0s‚
1357 3636 1391 3702 et

228 3726 263 3787 et
279 3717 460 3788 secdndum
472 3720 721 3791 multitudinem
732 3722 794 3791 mi·
823 3721 908 3790 tlius
932 3720 1011 3808 quin
1035 3740 1057 3788 u
1139 3727 1184 3789 tu
1228 3719 1308 3790 Non
1330 3719 1389 3789 hu·

228 3806 421 3875 sericindiae
444 3812 522 3876 tum.
560 3807 607 3877 Et
630 3810 795 3878 eruemus
822 3808 979 3878 bentibus
994 3739 1070 3894 iliis,
1091 3807 1180 3877 unde
1194 3806 1389 3894 redderent

227 3894 261 3961 in
284 3893 495 3963 mirabilibus
511 3895 588 3978 tuis,
613 3901 648 3965 et
664 3895 707 3965 da.
722 3896 794 3986 gld-
822 3894 960 3964 dnntvit
986 3896 1150 3983 utrisque.
1196 3893 1280 3983 Quis
1309 3915 1388 3984 ergo

228 3981 311 4049 riam
335 3981 458 4049 ndmini
482 3988 551 4067 tuo,
575 3982 734 4053 Demine:
760 3988 795 4052 et
822 4004 897 4052 eum
917 3982 993 4070 plus
1010 3980 1142 4071 diligit?
1167 3981 1389 4072 Respdndeus

228 4065 475 4137 confundentur
484 4090 607 4157 cnmeS,
639 4071 795 4140 uiustdu·
822 4069 953 4156 Simon,
985 4067 1084 4138 dixit:
1116 4068 1283 4156 AEstim0‚
1311 4069 1390 4160 quia

227 4153 311 4222 dunt
343 4156 449 4224 servis
481 4157 548 4225 tuis
578 4093 681 4244 mdia,
716 4179 794 4229 ccn-
821 4159 864 4244 is,
892 4157 945 4226 cui
963 4155 1039 4244 plus
1063 4155 1211 4227 dontvit.
1258 4159 1308 4228 At
1334 4155 1388 4226 illc

226 4241 457 4310 mnutmmin
470 4245 793 4333 cumipctentiatua,
822 4245 907 4314 dixit
929 4244 974 4312 ei:
1007 4243 1111 4314 Recte
1126 4243 1299 4331 judicasti.
1343 4243 1389 4314 Et

228 4337 262 4396 et
297 4330 401 4397 robur
436 4332 552 4400 einum
581 4335 793 4401 conteritur:
822 4334 1003 4401 conuersus
1026 4331 1069 4400 ad
1088 4332 1279 4420 mulierem,
1303 4331 1389 4402 dixit

228 4425 263 4484 et.
286 4417 404 4502 sciant,
428 4419 507 4505 qtria
525 4427 562 4487 tu
579 4441 614 4488 es
631 4420 795 4488 Inimiuus
822 4419 963 4489 Simdni:
1009 4418 1114 4488 Vides
1147 4420 1234 4490 hunc
1270 4419 1388 4490 mulie·

226 4503 320 4572 Deus
350 4504 455 4584 sulus,
491 4514 526 4574 ct
548 4506 715 4595 gluridsus
738 4528 795 4575 su·
822 4507 913 4576 rem?
938 4505 1066 4576 lntrtvi
1084 4507 1117 4576 in
1134 4506 1269 4577 domum
1284 4513 1388 4592 tuum,

251 4612 289 4664 er
305 4592 421 4674 urbem
438 4597 624 4680 terrerum,
650 4593 795 4664 Dciurine
822 4615 942 4701 aquam
970 4594 1112 4682 pedibus
1134 4594 1219 4664 meis
1241 4617 1310 4668 uon
1330 4593 1390 4664 de-

234 4680 316 4748 )eus
335 4685 465 4752 noster.
823 4681 918 4752 disti:
941 4681 1013 4754 haec
1033 4690 1144 4753 autem
1166 4682 1328 4774 ltcrymis
1343 4683 1390 4756 ri·
