3025 5400
602 556 785 635 i'meparutio
809 559 848 619 ad
870 558 1003 619 Missam.

212 679 280 815 iii
301 659 569 836 &iiiiii
583 669 784 827 stitit:
813 669 1156 828 trinitatis
1170 666 1387 825 fflffl

212 834 358 923 naudus,
376 838 452 937 ‘sub
480 844 574 909 tuam
597 844 783 929 protectit-
812 846 924 915 tuitio.
966 843 1088 914 Amen.

211 941 297 1022 nem·
312 920 421 1011 frigio:
454 929 489 994 et
512 948 610 1015 quem
631 929 782 1018 jiulicem

214 1010 382 1080 sustmere
404 1014 547 1101 nequeo,
571 1014 783 1119 §circuirem
860 1032 963 1097 oratic
987 1033 1015 1098 S.
1038 1032 1154 1097 itumr
1174 1030 1364 1113 turmatim,

212 1094 340 1166 habere
362 1102 506 1188 suspiro.
546 1101 622 1173 Trbr
638 1104 783 1175 Dcmrne

212 1182 248 1269 pl
294 1203 331 1252 as
345 1206 447 1285 'ruens
467 1188 623 1260 ostendo:
648 1193 711 1263 tibi
724 1213 783 1262 ve·
873 1190 1072 1277 Muipoteus
1090 1209 1159 1259 sem
1187 1190 1302 1260 iterna
1317 1186 1386 1259 De-

212 1289 270 1338 rec
295 1270 409 1342 ndram
425 1294 534 1344 meam
550 1275 683 1367 detego.
707 1279 783 1352 Seio
891 1297 942 1364 us,
967 1296 1044 1347 ecce
1067 1278 1145 1347 acce
1171 1276 1256 1347 aad
1273 1294 1385 1347 sacre

213 1359 359 1460 peccata·
376 1382 452 1430 mea
475 1363 582 1433 multa
601 1372 637 1434 et
650 1387 783 1455 magna,
811 1366 961 1434 mentum
977 1363 1142 1454 unigeniti
1154 1362 1235 1434 Filii
1251 1362 1304 1433 tui
1315 1360 1385 1432 Di-

214 1463 276 1543 pre
305 1448 427 1547 quibus
454 1452 568 1520 timec.
613 1452 720 1541 Spero
748 1456 784 1523 iu
811 1452 893 1521 mini
916 1452 1026 1522 nostri
1047 1450 1133 1522 Jesu
1155 1449 1304 1521 Christi:
1330 1470 1385 1521 ac·

212 1535 462 1605 mrsenctrdias
500 1543 598 1626 tuas,
663 1562 784 1611 uarum
812 1536 1385 1628 cedotamquaminiirmusadme·

211 1639 279 1688 non
318 1627 371 1723 est
409 1626 581 1731 nirnrerns.
627 1562 784 1730 Respice
812 1625 923 1696 dicum
936 1625 1027 1727 nitae,
1043 1624 1237 1726 immundus
1254 1622 1384 1695 adien-

213 1713 784 1892 causamentum]
812 1708 1383 1903 tarentasiensem

214 1881 456 1987 Reuneterne,
488 1887 583 1958 Deus
615 1896 650 1959 et
672 1891 785 1977 homo,
812 1909 875 1976 per
902 1894 937 1956 et
967 1890 1094 1975 egenus
1126 1886 1170 1957 ad
1200 1887 1383 1958 Dimmum

213 1968 396 2075 cnucrirnus
430 1982 572 2063 propter
603 1976 784 2049 hemincm.
813 1975 888 2045 coeli
911 1982 947 2045 et
961 1984 1074 2046 terrae.
1109 1974 1207 2065 Rogo
1222 1994 1307 2065 ergo
1322 1974 1382 2045 im·

215 2055 351 2156 hnaidr
373 2079 427 2129 me
454 2066 649 2161 sperantem
676 2067 711 2135 in
740 2072 785 2152 te,
813 2064 938 2132 mensae
971 2062 1142 2152 largitatis
1176 2067 1246 2133 tuae
1279 2062 1382 2135 abuu-

215 2146 379 2215 mrserirc
409 2169 485 2235 mer,
517 2150 606 2239 pleni
638 2153 786 2223 miseriis
813 2150 974 2235 diutiam,
1003 2152 1170 2239 quiteuus
1193 2169 1305 2220 meam
1328 2168 1382 2219 cu·

217 2239 252 2304 et
269 2234 428 2335 peccatis
448 2241 486 2305 tu
503 2239 561 2325 qui
577 2238 707 2310 sentem
722 2241 786 2311 mi·
812 2240 891 2307 rtre
905 2236 938 2307 di
988 2238 1055 2307 eris
1074 2237 1321 2325 infirmitatem,
1336 2236 1382 2305 ia·

215 2321 395 2393 serat-rmus
418 2346 615 2415 numquam,
647 2330 786 2397 manere
813 2327 896 2395 utre
951 2323 1146 2410 oeditttem,
1191 2324 1382 2394 illumintre

215 2408 374 2479 cessabis.
421 2412 520 2481 Salve
544 2413 703 2485 saiuttris
734 2417 786 2485 vi·
814 2412 1016 2499 caecititem,
1051 2410 1163 2481 dittre
1197 2411 1383 2501 pauperit-

215 2498 326 2583 ctima,
357 2517 419 2585 pro
444 2519 499 2568 me
535 2507 570 2570 et
601 2503 692 2571 omni
722 2502 785 2571 hu·
814 2505 898 2585 tem,
936 2500 1064 2570 vestire
1102 2496 1311 2569 uuditttem:
1347 2502 1383 2567 ut

214 2586 313 2653 mtuo
334 2586 460 2671 gerrere
480 2587 512 2656 iu
528 2590 682 2673 patibulo
699 2588 786 2658 Cru·
813 2606 935 2675 panem
947 2587 1002 2656 An
1018 2584 1169 2675 citrum,
1186 2586 1317 2676 Regem
1331 2602 1383 2655 re·

214 2672 262 2743 eis
286 2672 410 2773 nbiita.
462 2673 561 2744 Salve
595 2676 718 2747 nabilis
751 2681 787 2747 et
814 2695 909 2765 gum,
938 2680 973 2745 et
996 2610 1179 2744 fluminum
1209 2671 1384 2745 dominiu-

213 2761 365 2850 pretmse
378 2764 516 2850 sanguis
533 2762 575 2833 de
587 2765 786 2836 vulneribus
814 2764 897 2832 tium
915 2768 1011 2832 tauta
1026 2762 1208 2850 suscipiam
1224 2761 1384 2832 reveren·

214 2847 509 2919 cmrcifiuilu'uuini
520 2851 786 2922 meiJesuChri·
813 2851 861 2920 tia
881 2856 916 2918 et
930 2849 1133 2936 humilitate,
1149 2853 1244 2918 tauta
1259 2845 1385 2920 contri·

213 2938 258 3006 sti
284 2935 467 3024 urtiiiueus,
504 2944 538 3007 et
563 2942 704 3026 peccata
732 2945 785 3008 to·
814 2937 906 3006 ticine
924 2945 960 3006 et
975 2935 1166 3024 devotitne,
1182 2933 1384 3025 tantapun'·

212 3027 282 3093 tius
309 3024 425 3093 muudi
453 3025 605 3096 abluens.
657 3028 785 3096 Reecr·
813 3027 885 3094 tate
898 3031 932 3092 et
944 3023 1091 3112 fide,tali
1100 3023 1279 3112 propesito
1290 3021 1385 3092 etin-

215 3110 300 3180 dare
329 3110 475 3182 Dumiuc
506 3116 672 3183 creatirae
705 3121 785 3201 tuae,
813 3112 975 3197 tentiiue,
1003 3112 1090 3182 sicut
1116 3109 1260 3198 expedit
1282 3107 1384 3180 saliti

213 3218 314 3356 nuum
337 3204 397 3267 tuo
413 3199 582 3286 sanguiue
597 3201 784 3270 redemisti.
813 3199 934 3269 tuimae
956 3219 1051 3268 meae.
1094 3197 1149 3266 Da
1170 3197 1253 3267 mihi
1269 3215 1385 3287 quaeso

244 3286 363 3355 ‹ruitet
394 3307 448 3354 me
476 3290 652 3376 pecctsse,
685 3292 727 3359 cri
752 3290 785 3358 io
812 3285 981 3357 Dominici
1004 3285 1167 3374 carparis
1186 3289 1222 3354 et
1240 3283 1385 3374 singui-

215 3372 397 3443 emendire
423 3374 514 3462 quod
549 3373 624 3446 ieci.
674 3309 786 3445 Auier
812 3374 864 3443 uis
886 3394 953 3442 non
981 3373 1089 3443 solum
1121 3372 1297 3460 suscipere
1331 3391 1385 3441 sc-

214 3481 297 3548 ergc
320 3481 340 3529 a
362 3480 426 3547 me,
446 3461 706 3532 clementissime
718 3462 784 3532 Pa·
812 3462 1031 3546 crementum,
1056 3459 1117 3529 sed
1138 3459 1241 3529 etiam
1259 3478 1334 3529 rem
1350 3461 1386 3528 et

214 3555 269 3618 ter
292 3567 408 3616 omrres
429 3548 626 3637 iniquiittes
650 3557 686 3618 et
706 3569 784 3638 pec·
812 3549 974 3618 virtutem
999 3547 1213 3617 sacramenti.
1268 3551 1298 3612 i)
1322 3545 1385 3616 mi·

214 3638 292 3706 cita
304 3654 393 3704 mea:
407 3642 446 3703 ut
456 3637 785 3723 purificetusmente
812 3636 943 3705 tissime
966 3635 1071 3721 Deus
1093 3632 1137 3702 da
1159 3633 1243 3702 mihi
1259 3651 1386 3722 corpus

214 3732 250 3793 et
277 3723 430 3810 cernere,
462 3723 564 3812 digne
598 3724 785 3812 degustare
812 3722 977 3810 unigeniti
1000 3721 1078 3791 Filii
1097 3721 1150 3791 tui
1168 3721 1307 3791 Dimini
1325 3740 1386 3790 no-

214 3812 348 3880 merear
370 3815 486 3878 sancta
510 3812 717 3881 sanctirum:
751 3817 787 3879 et
814 3811 876 3880 stri
899 3807 984 3879 Jesu
1000 3807 1139 3893 Christi,
1163 3807 1256 3897 quod
1279 3807 1389 3877 traxit

215 3896 361 3970 concide
399 3902 438 3965 ut
460 3897 533 3968 haec
557 3908 671 3969 sancta
696 3917 785 3987 prae·
813 3897 857 3967 de
882 3896 1024 3985 Virgine
1049 3895 1172 3982 Maria,
1200 3895 1248 3966 sic
1278 3895 1387 3966 susci·

213 3985 332 4056 libttio
359 3952 521 4072 berneris
545 3991 581 4056 et
604 3985 786 4074 Singuiuis
814 4004 907 4073 pere,
938 3990 983 4084 ut·
1000 3983 1135 4072 cerpori
1159 4003 1221 4084 sno
1240 3982 1387 4084 mystico

214 4073 275 4158 tui,
289 4093 389 4161 quam
403 4091 466 4158 ege
478 4072 638 4162 indignus
652 4077 786 4143 sumere
814 4073 948 4140 mirem
975 4070 1197 4159 mcorporirr,
1230 4074 1265 4139 et
1296 4075 1388 4140 mter

214 4160 364 4242 intendo,
389 4159 434 4228 sit
455 4159 670 4246 peccaterum
694 4159 787 4228 met·
815 4159 887 4248 ejus
905 4158 1060 4227 membra
1076 4157 1325 4227 connumerem.
1357 4153 1386 4226 0

214 4269 290 4316 rum
314 4245 484 4332 remissio,
512 4248 557 4316 sit
586 4245 785 4317 deliciarum
814 4246 1047 4316 amantissime
1078 4243 1202 4330 Pater,
1237 4242 1387 4316 concede

215 4334 366 4423 perfecta
389 4335 558 4420 purgatio,
571 4334 616 4403 sit
634 4334 786 4422 tirrpium
814 4333 896 4402 mihi
930 4330 1090 4402 dilectum
1117 4331 1242 4401 Filium
1277 4336 1386 4418 tuum,

216 4421 459 4510 cogitatienum
483 4422 645 4510 effugatio
666 4441 706 4490 ac
725 4420 787 4491 bo·
816 4440 915 4509 quem
930 4440 1020 4489 nunc
1037 4419 1186 4489 uelitum
1206 4418 1240 4486 in
1255 4419 1315 4488 via
1330 4439 1386 4487 su·

216 4509 337 4578 nerum
369 4508 529 4577 sensuum
559 4509 787 4598 regeneratio,
815 4510 947 4595 scipere
964 4505 1293 4594 properaremus
1311 4511 1387 4575 tan·

215 4597 356 4667 oerum
382 4595 501 4664 uetibi
514 4595 720 4683 placentium
733 4615 787 4664 sa·
815 4595 891 4663 <lem
924 4593 1009 4663 i'teie
1040 4595 1206 4681 perpetuo
1235 4599 1387 4663 contem·

202 4617 324 4764 luparie
340 4615 503 4772 aiteram,
516 4683 640 4754 tuimae
652 4701 789 4772 quoque
816 4681 916 4770 altri.
932 4679 1386 4770 Quitecumvivitetregnat

788 4805 815 4846 'ii
