<?xml version="1.0" encoding="UTF-8"?>
<!DOCTYPE html PUBLIC "-//W3C//DTD XHTML 1.0 Transitional//EN"
    "http://www.w3.org/TR/xhtml1/DTD/xhtml1-transitional.dtd">
<html xmlns="http://www.w3.org/1999/xhtml" xml:lang="en" lang="en">
 <head>
  <title>
</title>
<meta http-equiv="Content-Type" content="text/html;charset=utf-8" />
  <meta name='ocr-system' content='tesseract 3.04.00' />
  <meta name='ocr-capabilities' content='ocr_page ocr_carea ocr_par ocr_line ocrx_word'/>
</head>
<body>
  <div class='ocr_page' id='page_1' title='image "./missaleromanume00churgoog_0170.png"; bbox 0 0 3025 5400; ppageno 0'>
   <div class='ocr_carea' id='block_1_1' title="bbox 85 183 1429 811">
    <p class='ocr_par' dir='ltr' id='par_1_1' title="bbox 85 183 1429 811">
     <span class='ocr_line' id='line_1_1' title="bbox 85 183 1429 563; baseline 0.026 -35"><span class='ocrx_word' id='word_1_1' title='bbox 85 183 1429 563; x_wconf 87' lang='lat'>-&#39;</span> 
     </span>
     <span class='ocr_line' id='line_1_2' title="bbox 342 708 1322 811; baseline 0.001 -19"><span class='ocrx_word' id='word_1_2' title='bbox 342 727 480 793; x_wconf 81' lang='lat' dir='ltr'>Sabbata</span> <span class='ocrx_word' id='word_1_3' title='bbox 504 742 575 810; x_wconf 88' lang='lat' dir='ltr'>post</span> <span class='ocrx_word' id='word_1_4' title='bbox 596 708 783 793; x_wconf 81' lang='lat' dir='ltr'>Dominicam</span> <span class='ocrx_word' id='word_1_5' title='bbox 808 732 844 792; x_wconf 93' lang='lat' dir='ltr'>ll.</span> <span class='ocrx_word' id='word_1_6' title='bbox 869 728 1125 811; x_wconf 70' lang='lat' dir='ltr'>Quadrauesimae.</span> <span class='ocrx_word' id='word_1_7' title='bbox 1281 731 1322 798; x_wconf 80' lang='lat'>85</span> 
     </span>
    </p>
   </div>
   <div class='ocr_carea' id='block_1_2' title="bbox 134 865 1324 3742">
    <p class='ocr_par' dir='ltr' id='par_1_2' title="bbox 138 865 1324 1923">
     <span class='ocr_line' id='line_1_3' title="bbox 144 865 1324 1024; baseline 0.003 -85"><span class='ocrx_word' id='word_1_8' title='bbox 144 868 247 939; x_wconf 80' lang='lat' dir='ltr'>cessit</span> <span class='ocrx_word' id='word_1_9' title='bbox 269 867 328 938; x_wconf 92' lang='lat' dir='ltr'>ille</span> <span class='ocrx_word' id='word_1_10' title='bbox 348 865 393 938; x_wconf 88' lang='lat' dir='ltr'>ad</span> <span class='ocrx_word' id='word_1_11' title='bbox 414 875 561 969; x_wconf 85' lang='lat' dir='ltr'>patrem,</span> <span class='ocrx_word' id='word_1_12' title='bbox 588 874 623 937; x_wconf 84' lang='lat' dir='ltr'>et</span> <span class='ocrx_word' id='word_1_13' title='bbox 643 868 720 1024; x_wconf 70' lang='lat' dir='ltr'>pal·</span> <span class='ocrx_word' id='word_1_14' title='bbox 748 867 895 968; x_wconf 78' lang='lat' dir='ltr'>litmibi,</span> <span class='ocrx_word' id='word_1_15' title='bbox 916 875 951 937; x_wconf 89' lang='lat' dir='ltr'>et</span> <span class='ocrx_word' id='word_1_16' title='bbox 962 868 1091 938; x_wconf 91' lang='lat' dir='ltr'>comedi</span> <span class='ocrx_word' id='word_1_17' title='bbox 1105 890 1146 938; x_wconf 86' lang='lat' dir='ltr'>ex</span> <span class='ocrx_word' id='word_1_18' title='bbox 1160 871 1324 959; x_wconf 90' lang='lat' dir='ltr'>enmibus,</span> 
     </span>
     <span class='ocr_line' id='line_1_4' title="bbox 144 954 1323 1045; baseline 0.003 -19"><span class='ocrx_word' id='word_1_19' title='bbox 144 957 226 1045; x_wconf 84' lang='lat' dir='ltr'>peto</span> <span class='ocrx_word' id='word_1_20' title='bbox 261 976 324 1042; x_wconf 88' lang='lat' dir='ltr'>ee,</span> <span class='ocrx_word' id='word_1_21' title='bbox 360 954 447 1025; x_wconf 85' lang='lat' dir='ltr'>dixit</span> <span class='ocrx_word' id='word_1_22' title='bbox 480 954 596 1025; x_wconf 83' lang='lat' dir='ltr'>Isaac:</span> <span class='ocrx_word' id='word_1_23' title='bbox 678 977 720 1026; x_wconf 88' lang='lat' dir='ltr'>ox</span> <span class='ocrx_word' id='word_1_24' title='bbox 774 957 947 1044; x_wconf 84' lang='lat' dir='ltr'>mesquam</span> <span class='ocrx_word' id='word_1_25' title='bbox 973 961 1009 1024; x_wconf 87' lang='lat' dir='ltr'>tu</span> <span class='ocrx_word' id='word_1_26' title='bbox 1037 958 1194 1026; x_wconf 56' lang='lat' dir='ltr'>aceneres?</span> <span class='ocrx_word' id='word_1_27' title='bbox 1220 960 1323 1030; x_wconf 91' lang='lat' dir='ltr'>bene-</span> 
     </span>
     <span class='ocr_line' id='line_1_5' title="bbox 145 1041 1322 1149; baseline 0.004 -37"><span class='ocrx_word' id='word_1_28' title='bbox 145 1042 296 1134; x_wconf 89' lang='lat' dir='ltr'>quidem,</span> <span class='ocrx_word' id='word_1_29' title='bbox 329 1064 396 1115; x_wconf 84' lang='lat' dir='ltr'>rex</span> <span class='ocrx_word' id='word_1_30' title='bbox 419 1041 527 1113; x_wconf 82' lang='lat' dir='ltr'>Jacob</span> <span class='ocrx_word' id='word_1_31' title='bbox 557 1047 623 1113; x_wconf 88' lang='lat' dir='ltr'>cst:</span> <span class='ocrx_word' id='word_1_32' title='bbox 661 1042 720 1113; x_wconf 92' lang='lat' dir='ltr'>sed</span> <span class='ocrx_word' id='word_1_33' title='bbox 775 1043 887 1149; x_wconf 82' lang='lat' dir='ltr'>‘xique</span> <span class='ocrx_word' id='word_1_34' title='bbox 911 1043 951 1123; x_wconf 87' lang='lat' dir='ltr'>ei,</span> <span class='ocrx_word' id='word_1_35' title='bbox 975 1045 1092 1114; x_wconf 86' lang='lat' dir='ltr'>eterit</span> <span class='ocrx_word' id='word_1_36' title='bbox 1115 1046 1322 1117; x_wconf 89' lang='lat' dir='ltr'>benedictus.</span> 
     </span>
     <span class='ocr_line' id='line_1_6' title="bbox 144 1130 1322 1223; baseline 0.003 -22"><span class='ocrx_word' id='word_1_37' title='bbox 144 1152 274 1219; x_wconf 89' lang='lat' dir='ltr'>manus,</span> <span class='ocrx_word' id='word_1_38' title='bbox 293 1151 412 1201; x_wconf 89' lang='lat' dir='ltr'>manus</span> <span class='ocrx_word' id='word_1_39' title='bbox 432 1136 509 1200; x_wconf 90' lang='lat' dir='ltr'>sunt</span> <span class='ocrx_word' id='word_1_40' title='bbox 530 1131 633 1204; x_wconf 88' lang='lat' dir='ltr'>Esau.</span> <span class='ocrx_word' id='word_1_41' title='bbox 674 1130 721 1200; x_wconf 87' lang='lat' dir='ltr'>Et</span> <span class='ocrx_word' id='word_1_42' title='bbox 749 1130 888 1200; x_wconf 82' lang='lat' dir='ltr'>Auditis</span> <span class='ocrx_word' id='word_1_43' title='bbox 911 1130 1005 1200; x_wconf 87' lang='lat' dir='ltr'>Esau</span> <span class='ocrx_word' id='word_1_44' title='bbox 1029 1132 1239 1203; x_wconf 89' lang='lat' dir='ltr'>sermenibns</span> <span class='ocrx_word' id='word_1_45' title='bbox 1263 1157 1322 1223; x_wconf 89' lang='lat' dir='ltr'>pa-</span> 
     </span>
     <span class='ocr_line' id='line_1_7' title="bbox 144 1218 1322 1310; baseline 0.003 -22"><span class='ocrx_word' id='word_1_46' title='bbox 144 1239 210 1288; x_wconf 93' lang='lat' dir='ltr'>non</span> <span class='ocrx_word' id='word_1_47' title='bbox 224 1218 385 1309; x_wconf 82' lang='lat' dir='ltr'>cognerit</span> <span class='ocrx_word' id='word_1_48' title='bbox 404 1239 490 1306; x_wconf 87' lang='lat' dir='ltr'>eum,</span> <span class='ocrx_word' id='word_1_49' title='bbox 514 1218 719 1307; x_wconf 86' lang='lat' dir='ltr'>quiapilesae</span> <span class='ocrx_word' id='word_1_50' title='bbox 747 1219 826 1303; x_wconf 85' lang='lat' dir='ltr'>tris,</span> <span class='ocrx_word' id='word_1_51' title='bbox 857 1218 992 1304; x_wconf 69' lang='lat' dir='ltr'>irreuiit</span> <span class='ocrx_word' id='word_1_52' title='bbox 1020 1220 1166 1289; x_wconf 86' lang='lat' dir='ltr'>clamere</span> <span class='ocrx_word' id='word_1_53' title='bbox 1190 1243 1322 1310; x_wconf 73' lang='lat' dir='ltr'>magno,</span> 
     </span>
     <span class='ocr_line' id='line_1_8' title="bbox 142 1305 1322 1397; baseline 0.003 -20"><span class='ocrx_word' id='word_1_54' title='bbox 142 1326 264 1377; x_wconf 82' lang='lat' dir='ltr'>manus</span> <span class='ocrx_word' id='word_1_55' title='bbox 297 1305 551 1377; x_wconf 83' lang='lat' dir='ltr'>similitudinem</span> <span class='ocrx_word' id='word_1_56' title='bbox 581 1306 720 1397; x_wconf 89' lang='lat' dir='ltr'>majeris</span> <span class='ocrx_word' id='word_1_57' title='bbox 748 1312 782 1374; x_wconf 85' lang='lat' dir='ltr'>et</span> <span class='ocrx_word' id='word_1_58' title='bbox 805 1308 1054 1394; x_wconf 81' lang='lat' dir='ltr'>consternatus,</span> <span class='ocrx_word' id='word_1_59' title='bbox 1080 1308 1140 1376; x_wconf 88' lang='lat' dir='ltr'>ait:</span> <span class='ocrx_word' id='word_1_60' title='bbox 1173 1307 1322 1380; x_wconf 86' lang='lat' dir='ltr'>Benedic</span> 
     </span>
     <span class='ocr_line' id='line_1_9' title="bbox 141 1393 1320 1495; baseline 0.003 -31"><span class='ocrx_word' id='word_1_61' title='bbox 141 1397 395 1495; x_wconf 83' lang='lat' dir='ltr'>expresserant.</span> <span class='ocrx_word' id='word_1_62' title='bbox 411 1393 719 1482; x_wconf 81' lang='lat' dir='ltr'>Benedicensergo</span> <span class='ocrx_word' id='word_1_63' title='bbox 749 1394 850 1462; x_wconf 87' lang='lat' dir='ltr'>etiarn</span> <span class='ocrx_word' id='word_1_64' title='bbox 875 1393 1020 1481; x_wconf 89' lang='lat' dir='ltr'>etmihi,</span> <span class='ocrx_word' id='word_1_65' title='bbox 1044 1402 1143 1481; x_wconf 84' lang='lat' dir='ltr'>pater</span> <span class='ocrx_word' id='word_1_66' title='bbox 1166 1398 1221 1464; x_wconf 89' lang='lat' dir='ltr'>mi.</span> <span class='ocrx_word' id='word_1_67' title='bbox 1258 1396 1320 1484; x_wconf 84' lang='lat' dir='ltr'>Qui</span> 
     </span>
     <span class='ocr_line' id='line_1_10' title="bbox 138 1480 1321 1569; baseline 0.003 -18"><span class='ocrx_word' id='word_1_68' title='bbox 138 1480 206 1569; x_wconf 89' lang='lat' dir='ltr'>illr,</span> <span class='ocrx_word' id='word_1_69' title='bbox 242 1482 305 1552; x_wconf 85' lang='lat' dir='ltr'>ait:</span> <span class='ocrx_word' id='word_1_70' title='bbox 350 1481 402 1563; x_wconf 72' lang='lat' dir='ltr'>lu</span> <span class='ocrx_word' id='word_1_71' title='bbox 425 1502 462 1550; x_wconf 90' lang='lat' dir='ltr'>es</span> <span class='ocrx_word' id='word_1_72' title='bbox 498 1480 589 1550; x_wconf 87' lang='lat' dir='ltr'>lilius</span> <span class='ocrx_word' id='word_1_73' title='bbox 623 1502 719 1550; x_wconf 92' lang='lat' dir='ltr'>meus</span> <span class='ocrx_word' id='word_1_74' title='bbox 746 1481 815 1549; x_wconf 86' lang='lat' dir='ltr'>ait:</span> <span class='ocrx_word' id='word_1_75' title='bbox 866 1480 970 1550; x_wconf 85' lang='lat' dir='ltr'>Venit</span> <span class='ocrx_word' id='word_1_76' title='bbox 1020 1485 1202 1569; x_wconf 82' lang='lat' dir='ltr'>gerunenus</span> <span class='ocrx_word' id='word_1_77' title='bbox 1243 1492 1321 1555; x_wconf 89' lang='lat' dir='ltr'>tuus</span> 
     </span>
     <span class='ocr_line' id='line_1_11' title="bbox 139 1566 1321 1658; baseline 0.003 -18"><span class='ocrx_word' id='word_1_78' title='bbox 139 1568 263 1640; x_wconf 85' lang='lat' dir='ltr'>Esau?</span> <span class='ocrx_word' id='word_1_79' title='bbox 295 1568 363 1640; x_wconf 85' lang='lat' dir='ltr'>Res</span> <span class='ocrx_word' id='word_1_80' title='bbox 388 1568 501 1639; x_wconf 87' lang='lat' dir='ltr'>endit:</span> <span class='ocrx_word' id='word_1_81' title='bbox 530 1568 607 1658; x_wconf 81' lang='lat' dir='ltr'>Ego</span> <span class='ocrx_word' id='word_1_82' title='bbox 634 1590 717 1638; x_wconf 89' lang='lat' dir='ltr'>sum.</span> <span class='ocrx_word' id='word_1_83' title='bbox 746 1566 988 1657; x_wconf 90' lang='lat' dir='ltr'>fraudulenter,</span> <span class='ocrx_word' id='word_1_84' title='bbox 1012 1577 1047 1638; x_wconf 81' lang='lat' dir='ltr'>et-</span> <span class='ocrx_word' id='word_1_85' title='bbox 1067 1572 1197 1658; x_wconf 85' lang='lat' dir='ltr'>accepit</span> <span class='ocrx_word' id='word_1_86' title='bbox 1218 1572 1321 1642; x_wconf 87' lang='lat' dir='ltr'>bene-</span> 
     </span>
     <span class='ocr_line' id='line_1_12' title="bbox 140 1590 1320 1756; baseline 0.003 -29"><span class='ocrx_word' id='word_1_87' title='bbox 140 1656 192 1727; x_wconf 82' lang='lat' dir='ltr'>At</span> <span class='ocrx_word' id='word_1_88' title='bbox 220 1656 292 1728; x_wconf 91' lang='lat' dir='ltr'>ille:</span> <span class='ocrx_word' id='word_1_89' title='bbox 331 1590 427 1726; x_wconf 52' lang='lat' dir='ltr'>Ager</span> <span class='ocrx_word' id='word_1_90' title='bbox 462 1656 566 1744; x_wconf 90' lang='lat' dir='ltr'>mibi,</span> <span class='ocrx_word' id='word_1_91' title='bbox 599 1656 717 1746; x_wconf 87' lang='lat' dir='ltr'>inquit,</span> <span class='ocrx_word' id='word_1_92' title='bbox 746 1654 927 1756; x_wconf 82' lang='lat' dir='ltr'>dictienem</span> <span class='ocrx_word' id='word_1_93' title='bbox 951 1661 1053 1725; x_wconf 83' lang='lat' dir='ltr'>turam.</span> <span class='ocrx_word' id='word_1_94' title='bbox 1100 1658 1222 1728; x_wconf 77' lang='lat' dir='ltr'>atille</span> <span class='ocrx_word' id='word_1_95' title='bbox 1241 1662 1320 1731; x_wconf 89' lang='lat' dir='ltr'>sub-</span> 
     </span>
     <span class='ocr_line' id='line_1_13' title="bbox 139 1743 1322 1833; baseline 0.003 -17"><span class='ocrx_word' id='word_1_96' title='bbox 139 1743 488 1817; x_wconf 82' lang='lat' dir='ltr'>cibosdevenatiene</span> <span class='ocrx_word' id='word_1_97' title='bbox 509 1751 578 1832; x_wconf 88' lang='lat' dir='ltr'>tua,</span> <span class='ocrx_word' id='word_1_98' title='bbox 598 1743 717 1833; x_wconf 89' lang='lat' dir='ltr'>filimi,</span> <span class='ocrx_word' id='word_1_99' title='bbox 741 1745 878 1833; x_wconf 82' lang='lat' dir='ltr'>pinxit:</span> <span class='ocrx_word' id='word_1_100' title='bbox 928 1743 1027 1814; x_wconf 87' lang='lat' dir='ltr'>Juste</span> <span class='ocrx_word' id='word_1_101' title='bbox 1072 1749 1226 1815; x_wconf 80' lang='lat' dir='ltr'>roceium</span> <span class='ocrx_word' id='word_1_102' title='bbox 1269 1757 1322 1819; x_wconf 87' lang='lat' dir='ltr'>est</span> 
     </span>
     <span class='ocr_line' id='line_1_14' title="bbox 138 1831 1319 1923; baseline 0.003 -21"><span class='ocrx_word' id='word_1_103' title='bbox 138 1839 179 1902; x_wconf 90' lang='lat' dir='ltr'>ut</span> <span class='ocrx_word' id='word_1_104' title='bbox 206 1831 387 1903; x_wconf 89' lang='lat' dir='ltr'>benedlcat</span> <span class='ocrx_word' id='word_1_105' title='bbox 413 1832 477 1903; x_wconf 92' lang='lat' dir='ltr'>tibi</span> <span class='ocrx_word' id='word_1_106' title='bbox 500 1833 611 1901; x_wconf 85' lang='lat' dir='ltr'>enima</span> <span class='ocrx_word' id='word_1_107' title='bbox 632 1852 716 1902; x_wconf 88' lang='lat' dir='ltr'>mea.</span> <span class='ocrx_word' id='word_1_108' title='bbox 745 1852 867 1902; x_wconf 91' lang='lat' dir='ltr'>nomen</span> <span class='ocrx_word' id='word_1_109' title='bbox 902 1832 974 1921; x_wconf 83' lang='lat' dir='ltr'>ejus</span> <span class='ocrx_word' id='word_1_110' title='bbox 1002 1831 1124 1903; x_wconf 81' lang='lat' dir='ltr'>Jacob:</span> <span class='ocrx_word' id='word_1_111' title='bbox 1159 1836 1319 1923; x_wconf 89' lang='lat' dir='ltr'>supplan-</span> 
     </span>
    </p>

    <p class='ocr_par' dir='ltr' id='par_1_3' title="bbox 134 1918 1321 3742">
     <span class='ocr_line' id='line_1_15' title="bbox 165 1918 1317 2007; baseline 0.003 -18"><span class='ocrx_word' id='word_1_112' title='bbox 165 1941 235 1990; x_wconf 88' lang='lat' dir='ltr'>.uos</span> <span class='ocrx_word' id='word_1_113' title='bbox 257 1942 332 1992; x_wconf 91' lang='lat' dir='ltr'>cum</span> <span class='ocrx_word' id='word_1_114' title='bbox 355 1920 487 1990; x_wconf 79' lang='lat' dir='ltr'>oblitos</span> <span class='ocrx_word' id='word_1_115' title='bbox 506 1918 717 2006; x_wconf 83' lang='lat' dir='ltr'>comedisset,</span> <span class='ocrx_word' id='word_1_116' title='bbox 745 1921 833 1990; x_wconf 83' lang='lat' dir='ltr'>tevit</span> <span class='ocrx_word' id='word_1_117' title='bbox 857 1920 945 1990; x_wconf 92' lang='lat' dir='ltr'>enim</span> <span class='ocrx_word' id='word_1_118' title='bbox 961 1940 1026 2007; x_wconf 91' lang='lat' dir='ltr'>me,</span> <span class='ocrx_word' id='word_1_119' title='bbox 1048 1940 1088 1989; x_wconf 93' lang='lat' dir='ltr'>en</span> <span class='ocrx_word' id='word_1_120' title='bbox 1106 1921 1215 1990; x_wconf 76' lang='lat' dir='ltr'>altera</span> <span class='ocrx_word' id='word_1_121' title='bbox 1230 1924 1317 1994; x_wconf 87' lang='lat' dir='ltr'>vice:</span> 
     </span>
     <span class='ocr_line' id='line_1_16' title="bbox 138 2006 1321 2098; baseline 0 -19"><span class='ocrx_word' id='word_1_122' title='bbox 138 2008 161 2079; x_wconf 93' lang='lat' dir='ltr'>e</span> <span class='ocrx_word' id='word_1_123' title='bbox 185 2006 266 2079; x_wconf 87' lang='lat' dir='ltr'>tulit</span> <span class='ocrx_word' id='word_1_124' title='bbox 290 2007 322 2077; x_wconf 87' lang='lat' dir='ltr'>ei</span> <span class='ocrx_word' id='word_1_125' title='bbox 349 2008 449 2077; x_wconf 87' lang='lat' dir='ltr'>etiam</span> <span class='ocrx_word' id='word_1_126' title='bbox 473 2007 596 2076; x_wconf 90' lang='lat' dir='ltr'>vinum.</span> <span class='ocrx_word' id='word_1_127' title='bbox 644 2006 717 2094; x_wconf 81' lang='lat' dir='ltr'>Quo</span> <span class='ocrx_word' id='word_1_128' title='bbox 743 2008 969 2098; x_wconf 84' lang='lat' dir='ltr'>primogenita</span> <span class='ocrx_word' id='word_1_129' title='bbox 985 2010 1321 2091; x_wconf 63' lang='lat' dir='ltr'>necromanciae</span> 
     </span>
     <span class='ocr_line' id='line_1_17' title="bbox 136 2094 1318 2182; baseline 0.002 -17"><span class='ocrx_word' id='word_1_130' title='bbox 136 2094 273 2182; x_wconf 85' lang='lat' dir='ltr'>hausto,</span> <span class='ocrx_word' id='word_1_131' title='bbox 294 2094 381 2165; x_wconf 82' lang='lat' dir='ltr'>dixit</span> <span class='ocrx_word' id='word_1_132' title='bbox 401 2094 445 2164; x_wconf 86' lang='lat' dir='ltr'>ad</span> <span class='ocrx_word' id='word_1_133' title='bbox 467 2114 558 2164; x_wconf 89' lang='lat' dir='ltr'>eum:</span> <span class='ocrx_word' id='word_1_134' title='bbox 584 2094 717 2166; x_wconf 85' lang='lat' dir='ltr'>Accede</span> <span class='ocrx_word' id='word_1_135' title='bbox 743 2116 832 2166; x_wconf 84' lang='lat' dir='ltr'>nmio</span> <span class='ocrx_word' id='word_1_136' title='bbox 855 2095 1001 2166; x_wconf 87' lang='lat' dir='ltr'>secendo</span> <span class='ocrx_word' id='word_1_137' title='bbox 1030 2098 1118 2164; x_wconf 88' lang='lat' dir='ltr'>surri</span> <span class='ocrx_word' id='word_1_138' title='bbox 1143 2097 1194 2165; x_wconf 90' lang='lat' dir='ltr'>uit</span> <span class='ocrx_word' id='word_1_139' title='bbox 1216 2098 1318 2167; x_wconf 90' lang='lat' dir='ltr'>bene-</span> 
     </span>
     <span class='ocr_line' id='line_1_18' title="bbox 137 2181 1319 2273; baseline 0.003 -22"><span class='ocrx_word' id='word_1_140' title='bbox 137 2181 184 2252; x_wconf 91' lang='lat' dir='ltr'>ad</span> <span class='ocrx_word' id='word_1_141' title='bbox 211 2203 286 2269; x_wconf 91' lang='lat' dir='ltr'>me,</span> <span class='ocrx_word' id='word_1_142' title='bbox 324 2190 359 2252; x_wconf 91' lang='lat' dir='ltr'>et</span> <span class='ocrx_word' id='word_1_143' title='bbox 384 2182 428 2252; x_wconf 92' lang='lat' dir='ltr'>da</span> <span class='ocrx_word' id='word_1_144' title='bbox 450 2182 534 2252; x_wconf 92' lang='lat' dir='ltr'>mibi</span> <span class='ocrx_word' id='word_1_145' title='bbox 556 2182 716 2271; x_wconf 89' lang='lat' dir='ltr'>esculum,</span> <span class='ocrx_word' id='word_1_146' title='bbox 746 2182 925 2253; x_wconf 86' lang='lat' dir='ltr'>dictienem</span> <span class='ocrx_word' id='word_1_147' title='bbox 946 2203 1064 2252; x_wconf 87' lang='lat' dir='ltr'>meam.</span> <span class='ocrx_word' id='word_1_148' title='bbox 1136 2188 1319 2273; x_wconf 86' lang='lat' dir='ltr'>ursemquc</span> 
     </span>
     <span class='ocr_line' id='line_1_19' title="bbox 138 2268 1318 2359; baseline 0.003 -19"><span class='ocrx_word' id='word_1_149' title='bbox 138 2268 188 2340; x_wconf 91' lang='lat' dir='ltr'>lili</span> <span class='ocrx_word' id='word_1_150' title='bbox 211 2271 268 2341; x_wconf 92' lang='lat' dir='ltr'>mi.</span> <span class='ocrx_word' id='word_1_151' title='bbox 303 2270 467 2357; x_wconf 84' lang='lat' dir='ltr'>Accessit,</span> <span class='ocrx_word' id='word_1_152' title='bbox 491 2276 527 2340; x_wconf 91' lang='lat' dir='ltr'>et</span> <span class='ocrx_word' id='word_1_153' title='bbox 547 2270 717 2340; x_wconf 75' lang='lat' dir='ltr'>osculat-ns</span> <span class='ocrx_word' id='word_1_154' title='bbox 744 2270 788 2338; x_wconf 90' lang='lat' dir='ltr'>ad</span> <span class='ocrx_word' id='word_1_155' title='bbox 809 2277 956 2359; x_wconf 85' lang='lat' dir='ltr'>patrem:</span> <span class='ocrx_word' id='word_1_156' title='bbox 981 2270 1156 2359; x_wconf 83' lang='lat' dir='ltr'>Numquid</span> <span class='ocrx_word' id='word_1_157' title='bbox 1178 2294 1244 2341; x_wconf 91' lang='lat' dir='ltr'>non</span> <span class='ocrx_word' id='word_1_158' title='bbox 1263 2295 1318 2344; x_wconf 92' lang='lat' dir='ltr'>re-</span> 
     </span>
     <span class='ocr_line' id='line_1_20' title="bbox 136 2356 1318 2446; baseline 0.003 -19"><span class='ocrx_word' id='word_1_159' title='bbox 136 2362 193 2428; x_wconf 89' lang='lat' dir='ltr'>est</span> <span class='ocrx_word' id='word_1_160' title='bbox 217 2377 303 2427; x_wconf 92' lang='lat' dir='ltr'>eum.</span> <span class='ocrx_word' id='word_1_161' title='bbox 338 2356 459 2427; x_wconf 82' lang='lat' dir='ltr'>Statim</span> <span class='ocrx_word' id='word_1_162' title='bbox 486 2378 528 2427; x_wconf 88' lang='lat' dir='ltr'>ue</span> <span class='ocrx_word' id='word_1_163' title='bbox 550 2366 589 2427; x_wconf 92' lang='lat' dir='ltr'>ut</span> <span class='ocrx_word' id='word_1_164' title='bbox 613 2358 716 2427; x_wconf 88' lang='lat' dir='ltr'>sensit</span> <span class='ocrx_word' id='word_1_165' title='bbox 744 2360 909 2446; x_wconf 82' lang='lat' dir='ltr'>servasti,</span> <span class='ocrx_word' id='word_1_166' title='bbox 944 2358 1011 2440; x_wconf 89' lang='lat' dir='ltr'>ait,</span> <span class='ocrx_word' id='word_1_167' title='bbox 1046 2365 1080 2428; x_wconf 89' lang='lat' dir='ltr'>et</span> <span class='ocrx_word' id='word_1_168' title='bbox 1109 2359 1191 2427; x_wconf 90' lang='lat' dir='ltr'>mibi</span> <span class='ocrx_word' id='word_1_169' title='bbox 1215 2360 1318 2430; x_wconf 92' lang='lat' dir='ltr'>bene-</span> 
     </span>
     <span class='ocr_line' id='line_1_21' title="bbox 135 2380 1316 2534; baseline 0.002 -19"><span class='ocrx_word' id='word_1_170' title='bbox 135 2446 418 2517; x_wconf 82' lang='lat' dir='ltr'>vestimenternm</span> <span class='ocrx_word' id='word_1_171' title='bbox 447 2380 538 2514; x_wconf 64' lang='lat' dir='ltr'>iliius</span> <span class='ocrx_word' id='word_1_172' title='bbox 560 2444 716 2534; x_wconf 78' lang='lat' dir='ltr'>fragren·</span> <span class='ocrx_word' id='word_1_173' title='bbox 744 2445 950 2516; x_wconf 85' lang='lat' dir='ltr'>dictienem?</span> <span class='ocrx_word' id='word_1_174' title='bbox 971 2516 974 2523; x_wconf 82' lang='grc'><strong>,</strong></span> <span class='ocrx_word' id='word_1_175' title='bbox 995 2446 1184 2534; x_wconf 89' lang='lat' dir='ltr'>Respendit</span> <span class='ocrx_word' id='word_1_176' title='bbox 1207 2448 1316 2519; x_wconf 80' lang='lat' dir='ltr'>Isaac:</span> 
     </span>
     <span class='ocr_line' id='line_1_22' title="bbox 135 2532 1317 2622; baseline 0.001 -18"><span class='ocrx_word' id='word_1_177' title='bbox 135 2532 243 2622; x_wconf 86' lang='lat' dir='ltr'>tiam,</span> <span class='ocrx_word' id='word_1_178' title='bbox 288 2533 490 2603; x_wconf 85' lang='lat' dir='ltr'>benedicens</span> <span class='ocrx_word' id='word_1_179' title='bbox 533 2532 603 2620; x_wconf 94' lang='lat' dir='ltr'>illi,</span> <span class='ocrx_word' id='word_1_180' title='bbox 646 2533 714 2602; x_wconf 89' lang='lat' dir='ltr'>ait:</span> <span class='ocrx_word' id='word_1_181' title='bbox 742 2532 924 2603; x_wconf 87' lang='lat' dir='ltr'>Deminum</span> <span class='ocrx_word' id='word_1_182' title='bbox 954 2540 1048 2602; x_wconf 84' lang='lat' dir='ltr'>tumn</span> <span class='ocrx_word' id='word_1_183' title='bbox 1075 2534 1167 2603; x_wconf 90' lang='lat' dir='ltr'>illum</span> <span class='ocrx_word' id='word_1_184' title='bbox 1193 2538 1317 2605; x_wconf 72' lang='lat' dir='ltr'>(feristi-</span> 
     </span>
     <span class='ocr_line' id='line_1_23' title="bbox 136 2619 1316 2713; baseline 0.002 -22"><span class='ocrx_word' id='word_1_185' title='bbox 136 2619 230 2691; x_wconf 86' lang='lat' dir='ltr'>Ecce</span> <span class='ocrx_word' id='word_1_186' title='bbox 244 2619 330 2689; x_wconf 91' lang='lat' dir='ltr'>odor</span> <span class='ocrx_word' id='word_1_187' title='bbox 344 2619 406 2690; x_wconf 86' lang='lat' dir='ltr'>lilii</span> <span class='ocrx_word' id='word_1_188' title='bbox 425 2621 502 2708; x_wconf 93' lang='lat' dir='ltr'>mei,</span> <span class='ocrx_word' id='word_1_189' title='bbox 526 2621 613 2690; x_wconf 89' lang='lat' dir='ltr'>sicut</span> <span class='ocrx_word' id='word_1_190' title='bbox 632 2621 716 2691; x_wconf 88' lang='lat' dir='ltr'>odor</span> <span class='ocrx_word' id='word_1_191' title='bbox 744 2622 813 2706; x_wconf 91' lang='lat' dir='ltr'>tui,</span> <span class='ocrx_word' id='word_1_192' title='bbox 857 2629 891 2690; x_wconf 88' lang='lat' dir='ltr'>et</span> <span class='ocrx_word' id='word_1_193' title='bbox 930 2641 1045 2690; x_wconf 91' lang='lat' dir='ltr'>ornnes</span> <span class='ocrx_word' id='word_1_194' title='bbox 1082 2620 1207 2691; x_wconf 81' lang='lat' dir='ltr'>iratres</span> <span class='ocrx_word' id='word_1_195' title='bbox 1244 2624 1316 2713; x_wconf 79' lang='lat' dir='ltr'>ejus</span> 
     </span>
     <span class='ocr_line' id='line_1_24' title="bbox 136 2696 1316 2810; baseline 0.003 -32"><span class='ocrx_word' id='word_1_196' title='bbox 136 2710 212 2798; x_wconf 81' lang='lat' dir='ltr'>agri</span> <span class='ocrx_word' id='word_1_197' title='bbox 235 2708 344 2798; x_wconf 90' lang='lat' dir='ltr'>pleni,</span> <span class='ocrx_word' id='word_1_198' title='bbox 372 2710 426 2779; x_wconf 91' lang='lat' dir='ltr'>cui</span> <span class='ocrx_word' id='word_1_199' title='bbox 449 2708 623 2779; x_wconf 84' lang='lat' dir='ltr'>benedixit</span> <span class='ocrx_word' id='word_1_200' title='bbox 645 2709 715 2778; x_wconf 90' lang='lat' dir='ltr'>De·</span> <span class='ocrx_word' id='word_1_201' title='bbox 743 2709 1005 2780; x_wconf 75' lang='lat' dir='ltr'>sermonibus</span> <span class='ocrx_word' id='word_1_202' title='bbox 1029 2711 1221 2810; x_wconf 71' lang='lat' dir='ltr'>subjugavi:</span> <span class='ocrx_word' id='word_1_203' title='bbox 1245 2696 1316 2783; x_wconf 82' lang='lat' dir='ltr'>sru-</span> 
     </span>
     <span class='ocr_line' id='line_1_25' title="bbox 135 2795 1315 2886; baseline 0.003 -20"><span class='ocrx_word' id='word_1_204' title='bbox 135 2797 259 2866; x_wconf 89' lang='lat' dir='ltr'>minns.</span> <span class='ocrx_word' id='word_1_205' title='bbox 291 2795 360 2866; x_wconf 91' lang='lat' dir='ltr'>Det</span> <span class='ocrx_word' id='word_1_206' title='bbox 378 2797 442 2867; x_wconf 90' lang='lat' dir='ltr'>tibi</span> <span class='ocrx_word' id='word_1_207' title='bbox 461 2796 555 2866; x_wconf 89' lang='lat' dir='ltr'>Deus</span> <span class='ocrx_word' id='word_1_208' title='bbox 575 2796 616 2865; x_wconf 93' lang='lat' dir='ltr'>de</span> <span class='ocrx_word' id='word_1_209' title='bbox 637 2817 714 2866; x_wconf 90' lang='lat' dir='ltr'>rore</span> <span class='ocrx_word' id='word_1_210' title='bbox 742 2798 855 2867; x_wconf 88' lang='lat' dir='ltr'>mento</span> <span class='ocrx_word' id='word_1_211' title='bbox 888 2802 922 2866; x_wconf 87' lang='lat' dir='ltr'>et</span> <span class='ocrx_word' id='word_1_212' title='bbox 948 2798 1026 2867; x_wconf 86' lang='lat' dir='ltr'>vino</span> <span class='ocrx_word' id='word_1_213' title='bbox 1054 2799 1200 2868; x_wconf 71' lang='lat' dir='ltr'>stabiliti</span> <span class='ocrx_word' id='word_1_214' title='bbox 1229 2821 1315 2886; x_wconf 79' lang='lat' dir='ltr'>euni,</span> 
     </span>
     <span class='ocr_line' id='line_1_26' title="bbox 135 2882 1316 2973; baseline 0.003 -19"><span class='ocrx_word' id='word_1_215' title='bbox 135 2884 226 2968; x_wconf 82' lang='lat' dir='ltr'>ccali,</span> <span class='ocrx_word' id='word_1_216' title='bbox 250 2882 348 2954; x_wconf 86' lang='lat' dir='ltr'>etde</span> <span class='ocrx_word' id='word_1_217' title='bbox 372 2884 579 2973; x_wconf 75' lang='lat' dir='ltr'>pinguedine</span> <span class='ocrx_word' id='word_1_218' title='bbox 603 2891 714 2972; x_wconf 86' lang='lat' dir='ltr'>terrae,</span> <span class='ocrx_word' id='word_1_219' title='bbox 743 2890 777 2953; x_wconf 90' lang='lat' dir='ltr'>et</span> <span class='ocrx_word' id='word_1_220' title='bbox 797 2885 859 2955; x_wconf 89' lang='lat' dir='ltr'>tibi</span> <span class='ocrx_word' id='word_1_221' title='bbox 881 2885 1060 2973; x_wconf 80' lang='lat' dir='ltr'>posthaec,</span> <span class='ocrx_word' id='word_1_222' title='bbox 1083 2885 1202 2973; x_wconf 90' lang='lat' dir='ltr'>filimi,</span> <span class='ocrx_word' id='word_1_223' title='bbox 1227 2887 1316 2957; x_wconf 90' lang='lat' dir='ltr'>ultra</span> 
     </span>
     <span class='ocr_line' id='line_1_27' title="bbox 135 2970 1314 3060; baseline 0.003 -19"><span class='ocrx_word' id='word_1_224' title='bbox 135 2970 378 3042; x_wconf 75' lang='lat' dir='ltr'>abundantiam</span> <span class='ocrx_word' id='word_1_225' title='bbox 404 2970 564 3041; x_wconf 74' lang='lat' dir='ltr'>frumenti</span> <span class='ocrx_word' id='word_1_226' title='bbox 586 2972 713 3041; x_wconf 80' lang='lat' dir='ltr'>etvini.</span> <span class='ocrx_word' id='word_1_227' title='bbox 742 2973 823 3060; x_wconf 91' lang='lat' dir='ltr'>quid</span> <span class='ocrx_word' id='word_1_228' title='bbox 840 2971 981 3042; x_wconf 80' lang='lat' dir='ltr'>ieciarn?</span> <span class='ocrx_word' id='word_1_229' title='bbox 1011 2970 1073 3042; x_wconf 81' lang='lat' dir='ltr'>Cui</span> <span class='ocrx_word' id='word_1_230' title='bbox 1095 2973 1201 3042; x_wconf 78' lang='lat' dir='ltr'>Esau:</span> <span class='ocrx_word' id='word_1_231' title='bbox 1226 2975 1314 3044; x_wconf 89' lang='lat' dir='ltr'>Num</span> 
     </span>
     <span class='ocr_line' id='line_1_28' title="bbox 136 3058 1315 3148; baseline 0.003 -19"><span class='ocrx_word' id='word_1_232' title='bbox 136 3058 185 3129; x_wconf 81' lang='lat' dir='ltr'>Et</span> <span class='ocrx_word' id='word_1_233' title='bbox 223 3059 376 3129; x_wconf 73' lang='lat' dir='ltr'>serviant</span> <span class='ocrx_word' id='word_1_234' title='bbox 411 3060 473 3130; x_wconf 88' lang='lat' dir='ltr'>tibi</span> <span class='ocrx_word' id='word_1_235' title='bbox 508 3059 642 3148; x_wconf 79' lang='lat' dir='ltr'>pepuli,</span> <span class='ocrx_word' id='word_1_236' title='bbox 681 3064 715 3127; x_wconf 91' lang='lat' dir='ltr'>et</span> <span class='ocrx_word' id='word_1_237' title='bbox 742 3081 863 3146; x_wconf 90' lang='lat' dir='ltr'>unam,</span> <span class='ocrx_word' id='word_1_238' title='bbox 900 3060 1027 3145; x_wconf 89' lang='lat' dir='ltr'>inuit,</span> <span class='ocrx_word' id='word_1_239' title='bbox 1061 3068 1191 3130; x_wconf 88' lang='lat' dir='ltr'>tantum</span> <span class='ocrx_word' id='word_1_240' title='bbox 1213 3063 1315 3132; x_wconf 86' lang='lat' dir='ltr'>bene-</span> 
     </span>
     <span class='ocr_line' id='line_1_29' title="bbox 136 3082 1314 3247; baseline 0.003 -31"><span class='ocrx_word' id='word_1_241' title='bbox 136 3145 282 3216; x_wconf 88' lang='lat' dir='ltr'>aderent</span> <span class='ocrx_word' id='word_1_242' title='bbox 304 3152 338 3215; x_wconf 87' lang='lat' dir='ltr'>te</span> <span class='ocrx_word' id='word_1_243' title='bbox 361 3148 485 3216; x_wconf 88' lang='lat' dir='ltr'>tribus:</span> <span class='ocrx_word' id='word_1_244' title='bbox 510 3154 583 3216; x_wconf 89' lang='lat' dir='ltr'>esto</span> <span class='ocrx_word' id='word_1_245' title='bbox 605 3146 714 3247; x_wconf 82' lang='lat' dir='ltr'>demi·</span> <span class='ocrx_word' id='word_1_246' title='bbox 743 3146 922 3217; x_wconf 87' lang='lat' dir='ltr'>dictienem</span> <span class='ocrx_word' id='word_1_247' title='bbox 936 3082 1062 3235; x_wconf 66' lang='lat' dir='ltr'>irenes,</span> <span class='ocrx_word' id='word_1_248' title='bbox 1087 3150 1205 3236; x_wconf 81' lang='lat' dir='ltr'>pater?</span> <span class='ocrx_word' id='word_1_249' title='bbox 1233 3151 1314 3219; x_wconf 92' lang='lat' dir='ltr'>mibi</span> 
     </span>
     <span class='ocr_line' id='line_1_30' title="bbox 134 3232 1314 3324; baseline 0.003 -20"><span class='ocrx_word' id='word_1_250' title='bbox 134 3255 201 3304; x_wconf 87' lang='lat' dir='ltr'>nus</span> <span class='ocrx_word' id='word_1_251' title='bbox 223 3232 367 3303; x_wconf 84' lang='lat' dir='ltr'>fratrum</span> <span class='ocrx_word' id='word_1_252' title='bbox 384 3234 530 3320; x_wconf 88' lang='lat' dir='ltr'>tuerum,</span> <span class='ocrx_word' id='word_1_253' title='bbox 555 3240 589 3303; x_wconf 87' lang='lat' dir='ltr'>et</span> <span class='ocrx_word' id='word_1_254' title='bbox 603 3255 714 3304; x_wconf 83' lang='lat' dir='ltr'>incur·</span> <span class='ocrx_word' id='word_1_255' title='bbox 765 3256 876 3324; x_wconf 87' lang='lat' dir='ltr'>noque</span> <span class='ocrx_word' id='word_1_256' title='bbox 891 3235 1042 3322; x_wconf 75' lang='lat' dir='ltr'>ebsecro,</span> <span class='ocrx_word' id='word_1_257' title='bbox 1067 3243 1105 3304; x_wconf 89' lang='lat' dir='ltr'>nt</span> <span class='ocrx_word' id='word_1_258' title='bbox 1123 3237 1314 3307; x_wconf 84' lang='lat' dir='ltr'>benedicas.</span> 
     </span>
     <span class='ocr_line' id='line_1_31' title="bbox 137 3257 1314 3421; baseline 0.003 -31"><span class='ocrx_word' id='word_1_259' title='bbox 137 3323 262 3394; x_wconf 79' lang='lat' dir='ltr'>rentur</span> <span class='ocrx_word' id='word_1_260' title='bbox 277 3328 355 3391; x_wconf 90' lang='lat' dir='ltr'>ante</span> <span class='ocrx_word' id='word_1_261' title='bbox 373 3328 407 3391; x_wconf 93' lang='lat' dir='ltr'>te</span> <span class='ocrx_word' id='word_1_262' title='bbox 423 3320 488 3421; x_wconf 34' lang='lat' dir='ltr'>&#39;lilii</span> <span class='ocrx_word' id='word_1_263' title='bbox 503 3322 621 3390; x_wconf 88' lang='lat' dir='ltr'>matris</span> <span class='ocrx_word' id='word_1_264' title='bbox 636 3326 713 3390; x_wconf 79' lang='lat' dir='ltr'>tuae.</span> <span class='ocrx_word' id='word_1_265' title='bbox 743 3257 894 3411; x_wconf 67' lang='lat' dir='ltr'>eumque</span> <span class='ocrx_word' id='word_1_266' title='bbox 914 3323 1041 3413; x_wconf 79' lang='lat' dir='ltr'>ejulatu</span> <span class='ocrx_word' id='word_1_267' title='bbox 1065 3345 1186 3414; x_wconf 81' lang='lat' dir='ltr'>magno</span> <span class='ocrx_word' id='word_1_268' title='bbox 1207 3325 1314 3413; x_wconf 77' lang='lat' dir='ltr'>liciat,</span> 
     </span>
     <span class='ocr_line' id='line_1_32' title="bbox 136 3407 1313 3497; baseline 0.003 -19"><span class='ocrx_word' id='word_1_269' title='bbox 136 3409 204 3497; x_wconf 84' lang='lat' dir='ltr'>Qui</span> <span class='ocrx_word' id='word_1_270' title='bbox 230 3407 447 3478; x_wconf 81' lang='lat' dir='ltr'>maledixerit</span> <span class='ocrx_word' id='word_1_271' title='bbox 474 3410 555 3490; x_wconf 86' lang='lat' dir='ltr'>tibi,</span> <span class='ocrx_word' id='word_1_272' title='bbox 587 3410 630 3478; x_wconf 89' lang='lat' dir='ltr'>sit</span> <span class='ocrx_word' id='word_1_273' title='bbox 658 3408 714 3478; x_wconf 91' lang='lat' dir='ltr'>ille</span> <span class='ocrx_word' id='word_1_274' title='bbox 741 3417 853 3480; x_wconf 87' lang='lat' dir='ltr'>motus</span> <span class='ocrx_word' id='word_1_275' title='bbox 880 3410 998 3497; x_wconf 84' lang='lat' dir='ltr'>Isaac,</span> <span class='ocrx_word' id='word_1_276' title='bbox 1037 3410 1121 3480; x_wconf 84' lang='lat' dir='ltr'>dixit</span> <span class='ocrx_word' id='word_1_277' title='bbox 1146 3412 1190 3481; x_wconf 90' lang='lat' dir='ltr'>ad</span> <span class='ocrx_word' id='word_1_278' title='bbox 1217 3434 1313 3482; x_wconf 76' lang='lat' dir='ltr'>elini:</span> 
     </span>
     <span class='ocr_line' id='line_1_33' title="bbox 134 3494 1314 3587; baseline 0.003 -20"><span class='ocrx_word' id='word_1_279' title='bbox 134 3494 351 3567; x_wconf 88' lang='lat' dir='ltr'>maledictus:</span> <span class='ocrx_word' id='word_1_280' title='bbox 373 3503 408 3566; x_wconf 88' lang='lat' dir='ltr'>et</span> <span class='ocrx_word' id='word_1_281' title='bbox 447 3497 481 3566; x_wconf 91' lang='lat' dir='ltr'>ui</span> <span class='ocrx_word' id='word_1_282' title='bbox 501 3496 715 3567; x_wconf 86' lang='lat' dir='ltr'>benedixerit</span> <span class='ocrx_word' id='word_1_283' title='bbox 741 3498 781 3567; x_wconf 91' lang='lat' dir='ltr'>In</span> <span class='ocrx_word' id='word_1_284' title='bbox 814 3499 1018 3587; x_wconf 79' lang='lat' dir='ltr'>pinguedine</span> <span class='ocrx_word' id='word_1_285' title='bbox 1053 3505 1173 3586; x_wconf 75' lang='lat' dir='ltr'>terrac,</span> <span class='ocrx_word' id='word_1_286' title='bbox 1209 3508 1244 3569; x_wconf 89' lang='lat' dir='ltr'>et</span> <span class='ocrx_word' id='word_1_287' title='bbox 1281 3502 1314 3570; x_wconf 89' lang='lat' dir='ltr'>in</span> 
     </span>
     <span class='ocr_line' id='line_1_34' title="bbox 135 3517 1313 3674; baseline 0.003 -20"><span class='ocrx_word' id='word_1_288' title='bbox 135 3585 219 3671; x_wconf 89' lang='lat' dir='ltr'>tibi,</span> <span class='ocrx_word' id='word_1_289' title='bbox 252 3517 546 3654; x_wconf 66' lang='lat' dir='ltr'>benedictienibns</span> <span class='ocrx_word' id='word_1_290' title='bbox 581 3584 713 3672; x_wconf 84' lang='lat' dir='ltr'>replee-</span> <span class='ocrx_word' id='word_1_291' title='bbox 741 3605 819 3653; x_wconf 91' lang='lat' dir='ltr'>rore</span> <span class='ocrx_word' id='word_1_292' title='bbox 846 3586 922 3654; x_wconf 79' lang='lat' dir='ltr'>ccnli</span> <span class='ocrx_word' id='word_1_293' title='bbox 947 3586 1094 3674; x_wconf 86' lang='lat' dir='ltr'>desuper</span> <span class='ocrx_word' id='word_1_294' title='bbox 1122 3588 1187 3656; x_wconf 88' lang='lat' dir='ltr'>crit</span> <span class='ocrx_word' id='word_1_295' title='bbox 1214 3589 1313 3658; x_wconf 90' lang='lat' dir='ltr'>bene-</span> 
     </span>
     <span class='ocr_line' id='line_1_35' title="bbox 134 3669 931 3742; baseline 0 0"><span class='ocrx_word' id='word_1_296' title='bbox 134 3681 203 3742; x_wconf 88' lang='lat' dir='ltr'>tur.</span> <span class='ocrx_word' id='word_1_297' title='bbox 234 3669 301 3742; x_wconf 89' lang='lat' dir='ltr'>Vix</span> <span class='ocrx_word' id='word_1_298' title='bbox 324 3670 419 3741; x_wconf 86' lang='lat' dir='ltr'>Isaac</span> <span class='ocrx_word' id='word_1_299' title='bbox 438 3672 628 3741; x_wconf 84' lang='lat' dir='ltr'>sermenem</span> <span class='ocrx_word' id='word_1_300' title='bbox 650 3672 713 3740; x_wconf 93' lang='lat' dir='ltr'>im·</span> <span class='ocrx_word' id='word_1_301' title='bbox 741 3671 842 3742; x_wconf 89' lang='lat' dir='ltr'>dictio</span> <span class='ocrx_word' id='word_1_302' title='bbox 864 3680 931 3742; x_wconf 85' lang='lat' dir='ltr'>tua.</span> 
     </span>
    </p>
   </div>
   <div class='ocr_carea' id='block_1_3' title="bbox 131 3758 1383 4996">
    <p class='ocr_par' dir='ltr' id='par_1_4' title="bbox 134 3758 1315 4304">
     <span class='ocr_line' id='line_1_36' title="bbox 134 3758 1315 3916; baseline 0.007 -71"><span class='ocrx_word' id='word_1_303' title='bbox 134 3758 313 3916; x_wconf 45' lang='lat' dir='ltr'>plel&#39;elast</span> <span class='ocrx_word' id='word_1_304' title='bbox 342 3765 393 3859; x_wconf 62' lang='grc'>,01</span> <span class='ocrx_word' id='word_1_305' title='bbox 430 3760 567 3848; x_wconf 62' lang='grc' dir='ltr'>θὲῑῧὸὃθ</span> <span class='ocrx_word' id='word_1_306' title='bbox 603 3758 712 3864; x_wconf 45' lang='grc'>13601)</span> <span class='ocrx_word' id='word_1_307' title='bbox 762 3775 942 3846; x_wconf 80' lang='lat' dir='ltr'>ilradnale.</span> <span class='ocrx_word' id='word_1_308' title='bbox 967 3779 1020 3848; x_wconf 85' lang='lat' dir='ltr'>l&#39;s.</span> <span class='ocrx_word' id='word_1_309' title='bbox 1037 3783 1088 3846; x_wconf 77' lang='lat' dir='ltr'>bl.</span> <span class='ocrx_word' id='word_1_310' title='bbox 1113 3779 1246 3851; x_wconf 85' lang='lat' dir='ltr'>llonunr</span> <span class='ocrx_word' id='word_1_311' title='bbox 1263 3792 1315 3853; x_wconf 91' lang='lat' dir='ltr'>cst</span> 
     </span>
     <span class='ocr_line' id='line_1_37' title="bbox 149 3845 1312 3958; baseline 0.009 -27"><span class='ocrx_word' id='word_1_312' title='bbox 149 3867 245 3932; x_wconf 62' lang='lat'>⁰1³8,</span> <span class='ocrx_word' id='word_1_313' title='bbox 274 3853 366 3953; x_wconf 77' lang='lat' dir='ltr'>vemt</span> <span class='ocrx_word' id='word_1_314' title='bbox 391 3845 504 3947; x_wconf 66' lang='grc' dir='ltr'>Εξὸὓ,</span> <span class='ocrx_word' id='word_1_315' title='bbox 521 3853 713 3953; x_wconf 40' lang='lat' dir='ltr'>,ilicesque</span> <span class='ocrx_word' id='word_1_316' title='bbox 741 3864 894 3934; x_wconf 88' lang='lat' dir='ltr'>confiteri</span> <span class='ocrx_word' id='word_1_317' title='bbox 919 3865 1078 3956; x_wconf 85' lang='lat' dir='ltr'>Dernino,</span> <span class='ocrx_word' id='word_1_318' title='bbox 1106 3878 1141 3938; x_wconf 87' lang='lat' dir='ltr'>ct</span> <span class='ocrx_word' id='word_1_319' title='bbox 1168 3871 1312 3958; x_wconf 86' lang='lat' dir='ltr'>psellere</span> 
     </span>
     <span class='ocr_line' id='line_1_38' title="bbox 135 3933 1310 4042; baseline 0.01 -25"><span class='ocrx_word' id='word_1_320' title='bbox 135 3933 179 4036; x_wconf 60' lang='lat'>(1⁰,</span> <span class='ocrx_word' id='word_1_321' title='bbox 202 3938 382 4034; x_wconf 63' lang='lat' dir='ltr'>l&#39;ellatlfflle</span> <span class='ocrx_word' id='word_1_322' title='bbox 401 3935 496 4042; x_wconf 74' lang='lat' dir='ltr'>cibos</span> <span class='ocrx_word' id='word_1_323' title='bbox 519 3934 634 4003; x_wconf 64' lang='lat' dir='ltr'>¹¹¹t¹¹l¹t</span> <span class='ocrx_word' id='word_1_324' title='bbox 653 3955 712 4035; x_wconf 79' lang='lat' dir='ltr'>pa·</span> <span class='ocrx_word' id='word_1_325' title='bbox 740 3953 864 4022; x_wconf 93' lang='lat' dir='ltr'>nemini</span> <span class='ocrx_word' id='word_1_326' title='bbox 884 3962 951 4040; x_wconf 85' lang='lat' dir='ltr'>tuo,</span> <span class='ocrx_word' id='word_1_327' title='bbox 973 3955 1155 4026; x_wconf 85' lang='lat' dir='ltr'>Altlssimc.</span> <span class='ocrx_word' id='word_1_328' title='bbox 1188 3956 1225 4034; x_wconf 79' lang='lat' dir='ltr'>ll.</span> <span class='ocrx_word' id='word_1_329' title='bbox 1258 3960 1310 4029; x_wconf 80' lang='lat' dir='ltr'>Ad</span> 
     </span>
     <span class='ocr_line' id='line_1_39' title="bbox 135 4020 1312 4128; baseline 0.007 -19"><span class='ocrx_word' id='word_1_330' title='bbox 135 4033 198 4109; x_wconf 67' lang='lat'>¹1¹,</span> <span class='ocrx_word' id='word_1_331' title='bbox 225 4020 356 4128; x_wconf 62' lang='lat' dir='ltr'>,dlssfflsss</span> <span class='ocrx_word' id='word_1_332' title='bbox 387 4020 509 4110; x_wconf 76' lang='lat' dir='ltr'>surge,</span> <span class='ocrx_word' id='word_1_333' title='bbox 536 4030 634 4122; x_wconf 64' lang='lat' dir='ltr'>Peles</span> <span class='ocrx_word' id='word_1_334' title='bbox 655 4042 711 4121; x_wconf 50' lang='lat'>¹¹¹5</span> <span class='ocrx_word' id='word_1_335' title='bbox 740 4041 1005 4110; x_wconf 76' lang='lat' dir='ltr'>annuntiandum</span> <span class='ocrx_word' id='word_1_336' title='bbox 1044 4066 1141 4115; x_wconf 81' lang='lat' dir='ltr'>nimie</span> <span class='ocrx_word' id='word_1_337' title='bbox 1181 4050 1312 4117; x_wconf 80' lang='lat' dir='ltr'>irrisori-</span> 
     </span>
     <span class='ocr_line' id='line_1_40' title="bbox 134 4107 1311 4217; baseline 0.012 -26"><span class='ocrx_word' id='word_1_338' title='bbox 134 4117 184 4210; x_wconf 60' lang='grc' dir='ltr'>θῐ,</span> <span class='ocrx_word' id='word_1_339' title='bbox 199 4108 338 4180; x_wconf 72' lang='lat' dir='ltr'>⁰0meil0</span> <span class='ocrx_word' id='word_1_340' title='bbox 366 4107 418 4215; x_wconf 62' lang='grc' dir='ltr'><strong>(Ῑθ,</strong></span> <span class='ocrx_word' id='word_1_341' title='bbox 436 4109 613 4210; x_wconf 60' lang='lat' dir='ltr'>l&#39;ssssaiglfllffl</span> <span class='ocrx_word' id='word_1_342' title='bbox 648 4108 711 4210; x_wconf 71' lang='lat' dir='ltr'>‚fflll</span> <span class='ocrx_word' id='word_1_343' title='bbox 740 4127 888 4197; x_wconf 89' lang='lat' dir='ltr'>cerdiam</span> <span class='ocrx_word' id='word_1_344' title='bbox 916 4137 1029 4217; x_wconf 81' lang='lat' dir='ltr'>trram,</span> <span class='ocrx_word' id='word_1_345' title='bbox 1066 4143 1100 4201; x_wconf 92' lang='lat' dir='ltr'>et</span> <span class='ocrx_word' id='word_1_346' title='bbox 1133 4135 1311 4205; x_wconf 78' lang='lat' dir='ltr'>veritatem</span> 
     </span>
     <span class='ocr_line' id='line_1_41' title="bbox 134 4195 1081 4304; baseline 0.003 -39"><span class='ocrx_word' id='word_1_347' title='bbox 134 4205 202 4284; x_wconf 88' lang='lat' dir='ltr'>tur,</span> <span class='ocrx_word' id='word_1_348' title='bbox 231 4204 269 4266; x_wconf 89' lang='lat' dir='ltr'>nt</span> <span class='ocrx_word' id='word_1_349' title='bbox 295 4195 475 4267; x_wconf 85' lang='lat' dir='ltr'>benedicat</span> <span class='ocrx_word' id='word_1_350' title='bbox 496 4196 578 4266; x_wconf 86' lang='lat' dir='ltr'>mlhl</span> <span class='ocrx_word' id='word_1_351' title='bbox 601 4199 713 4265; x_wconf 84' lang='lat' dir='ltr'>emma</span> <span class='ocrx_word' id='word_1_352' title='bbox 740 4223 832 4285; x_wconf 68' lang='lat' dir='ltr'>mam</span> <span class='ocrx_word' id='word_1_353' title='bbox 855 4237 916 4304; x_wconf 59' lang='lat' dir='ltr'>per</span> <span class='ocrx_word' id='word_1_354' title='bbox 938 4224 1081 4289; x_wconf 55' lang='lat' dir='ltr'>„sptem</span> 
     </span>
    </p>

    <p class='ocr_par' dir='ltr' id='par_1_5' title="bbox 131 4283 1383 4996">
     <span class='ocr_line' id='line_1_42' title="bbox 135 4283 1237 4440; baseline 0.005 -85"><span class='ocrx_word' id='word_1_355' title='bbox 135 4293 207 4385; x_wconf 78' lang='lat' dir='ltr'>tua.</span> <span class='ocrx_word' id='word_1_356' title='bbox 246 4284 409 4372; x_wconf 87' lang='lat' dir='ltr'>Dixitque</span> <span class='ocrx_word' id='word_1_357' title='bbox 425 4284 605 4386; x_wconf 25' lang='lat' dir='ltr'>illinlsaac:</span> <span class='ocrx_word' id='word_1_358' title='bbox 631 4283 761 4440; x_wconf 55' lang='lat' dir='ltr'>(pirisq</span> <span class='ocrx_word' id='word_1_359' title='bbox 830 4341 847 4408; x_wconf 54' lang='lat'><strong><em>4</em></strong></span> <span class='ocrx_word' id='word_1_360' title='bbox 873 4341 907 4408; x_wconf 55' lang='lat' dir='ltr'>t,</span> <span class='ocrx_word' id='word_1_361' title='bbox 1021 4342 1115 4412; x_wconf 49' lang='grc' dir='ltr'>Π,</span> <span class='ocrx_word' id='word_1_362' title='bbox 1191 4347 1237 4414; x_wconf 53' lang='grc' dir='ltr'>Ἰ..</span> 
     </span>
     <span class='ocr_line' id='line_1_43' title="bbox 133 4359 1311 4498; baseline 0.007 -57"><span class='ocrx_word' id='word_1_363' title='bbox 133 4394 226 4442; x_wconf 90' lang='lat' dir='ltr'>cmm</span> <span class='ocrx_word' id='word_1_364' title='bbox 254 4392 292 4441; x_wconf 93' lang='lat' dir='ltr'>es</span> <span class='ocrx_word' id='word_1_365' title='bbox 315 4372 399 4472; x_wconf 39' lang='lat' dir='ltr'>tul·</span> <span class='ocrx_word' id='word_1_366' title='bbox 425 4371 489 4459; x_wconf 78' lang='lat' dir='ltr'>Qui</span> <span class='ocrx_word' id='word_1_367' title='bbox 512 4372 635 4473; x_wconf 85' lang='lat' dir='ltr'>respen</span> <span class='ocrx_word' id='word_1_368' title='bbox 661 4379 710 4440; x_wconf 90' lang='lat' dir='ltr'>rt:</span> <span class='ocrx_word' id='word_1_369' title='bbox 739 4359 1047 4498; x_wconf 47' lang='grc' dir='ltr'>111111μ11ἆ11111ὶ111</span> <span class='ocrx_word' id='word_1_370' title='bbox 1083 4366 1238 4492; x_wconf 48' lang='grc' dir='ltr'>’11111ἓ1ῗῆ11</span> <span class='ocrx_word' id='word_1_371' title='bbox 1259 4370 1311 4418; x_wconf 69' lang='lat'>⁸⁰·</span> 
     </span>
     <span class='ocr_line' id='line_1_44' title="bbox 133 4448 1234 4566; baseline 0.003 -37"><span class='ocrx_word' id='word_1_372' title='bbox 133 4458 212 4566; x_wconf 69' lang='lat' dir='ltr'>Epo</span> <span class='ocrx_word' id='word_1_373' title='bbox 244 4480 317 4529; x_wconf 87' lang='lat' dir='ltr'>sum</span> <span class='ocrx_word' id='word_1_374' title='bbox 351 4457 442 4528; x_wconf 82' lang='lat' dir='ltr'>lilius</span> <span class='ocrx_word' id='word_1_375' title='bbox 476 4468 553 4528; x_wconf 88' lang='lat' dir='ltr'>tuas</span> <span class='ocrx_word' id='word_1_376' title='bbox 583 4480 710 4548; x_wconf 86' lang='lat' dir='ltr'>primo·</span> <span class='ocrx_word' id='word_1_377' title='bbox 813 4448 956 4496; x_wconf 78' lang='grc'>1111111111</span> <span class='ocrx_word' id='word_1_378' title='bbox 1005 4451 1110 4500; x_wconf 74' lang='grc'>11111111·</span> <span class='ocrx_word' id='word_1_379' title='bbox 1141 4448 1167 4492; x_wconf 77' lang='grc'>1·</span> <span class='ocrx_word' id='word_1_380' title='bbox 1205 4471 1234 4491; x_wconf 85' lang='grc'>’·</span> 
     </span>
     <span class='ocr_line' id='line_1_45' title="bbox 133 4543 1311 4714; baseline 0.009 -97"><span class='ocrx_word' id='word_1_381' title='bbox 133 4547 271 4636; x_wconf 77' lang='lat' dir='ltr'>genitus</span> <span class='ocrx_word' id='word_1_382' title='bbox 295 4545 398 4616; x_wconf 83' lang='lat' dir='ltr'>Esau.</span> <span class='ocrx_word' id='word_1_383' title='bbox 445 4546 595 4636; x_wconf 84' lang='lat' dir='ltr'>Expeuit</span> <span class='ocrx_word' id='word_1_384' title='bbox 616 4546 711 4619; x_wconf 88' lang='lat' dir='ltr'>Isaac</span> <span class='ocrx_word' id='word_1_385' title='bbox 737 4543 809 4714; x_wconf 84' lang='lat' dir='ltr'>IN</span> <span class='ocrx_word' id='word_1_386' title='bbox 832 4550 888 4619; x_wconf 92' lang='lat' dir='ltr'>illo</span> <span class='ocrx_word' id='word_1_387' title='bbox 911 4553 1076 4641; x_wconf 88' lang='lat' dir='ltr'>ternpore:</span> <span class='ocrx_word' id='word_1_388' title='bbox 1101 4555 1196 4624; x_wconf 88' lang='lat' dir='ltr'>Dixit</span> <span class='ocrx_word' id='word_1_389' title='bbox 1209 4556 1311 4628; x_wconf 66' lang='lat' dir='ltr'>‚lesus</span> 
     </span>
     <span class='ocr_line' id='line_1_46' title="bbox 131 4633 1310 4732; baseline 0.008 -28"><span class='ocrx_word' id='word_1_390' title='bbox 131 4635 276 4723; x_wconf 87' lang='lat' dir='ltr'>stupere</span> <span class='ocrx_word' id='word_1_391' title='bbox 313 4633 516 4704; x_wconf 86' lang='lat' dir='ltr'>vehementi:</span> <span class='ocrx_word' id='word_1_392' title='bbox 555 4642 589 4704; x_wconf 91' lang='lat' dir='ltr'>et</span> <span class='ocrx_word' id='word_1_393' title='bbox 621 4635 712 4706; x_wconf 81' lang='lat' dir='ltr'>ultra</span> <span class='ocrx_word' id='word_1_394' title='bbox 798 4637 979 4709; x_wconf 68' lang='lat' dir='ltr'>Pharnacis</span> <span class='ocrx_word' id='word_1_395' title='bbox 1003 4648 1038 4710; x_wconf 88' lang='lat' dir='ltr'>ct</span> <span class='ocrx_word' id='word_1_396' title='bbox 1060 4642 1186 4713; x_wconf 75' lang='lat' dir='ltr'>Scribis</span> <span class='ocrx_word' id='word_1_397' title='bbox 1211 4649 1310 4732; x_wconf 74' lang='lat' dir='ltr'>piure-</span> 
     </span>
     <span class='ocr_line' id='line_1_47' title="bbox 134 4720 1309 4820; baseline 0.008 -28"><span class='ocrx_word' id='word_1_398' title='bbox 134 4742 235 4812; x_wconf 89' lang='lat' dir='ltr'>quam</span> <span class='ocrx_word' id='word_1_399' title='bbox 259 4720 352 4792; x_wconf 90' lang='lat' dir='ltr'>credi</span> <span class='ocrx_word' id='word_1_400' title='bbox 374 4728 502 4810; x_wconf 90' lang='lat' dir='ltr'>potest,</span> <span class='ocrx_word' id='word_1_401' title='bbox 529 4722 709 4804; x_wconf 82' lang='lat' dir='ltr'>admirans,</span> <span class='ocrx_word' id='word_1_402' title='bbox 737 4726 848 4796; x_wconf 93' lang='lat' dir='ltr'>bolam</span> <span class='ocrx_word' id='word_1_403' title='bbox 881 4728 993 4797; x_wconf 88' lang='lat' dir='ltr'>istam:</span> <span class='ocrx_word' id='word_1_404' title='bbox 1032 4729 1142 4799; x_wconf 89' lang='lat' dir='ltr'>Homo</span> <span class='ocrx_word' id='word_1_405' title='bbox 1174 4733 1309 4820; x_wconf 86' lang='lat' dir='ltr'>quidam</span> 
     </span>
     <span class='ocr_line' id='line_1_48' title="bbox 132 4808 1383 4898; baseline 0.007 -18"><span class='ocrx_word' id='word_1_406' title='bbox 132 4810 195 4880; x_wconf 85' lang='lat' dir='ltr'>ait:</span> <span class='ocrx_word' id='word_1_407' title='bbox 213 4809 297 4897; x_wconf 85' lang='lat' dir='ltr'>Quis</span> <span class='ocrx_word' id='word_1_408' title='bbox 310 4808 416 4898; x_wconf 81' lang='lat' dir='ltr'>igitur</span> <span class='ocrx_word' id='word_1_409' title='bbox 427 4809 484 4879; x_wconf 91' lang='lat' dir='ltr'>ille</span> <span class='ocrx_word' id='word_1_410' title='bbox 502 4816 564 4896; x_wconf 88' lang='lat' dir='ltr'>est,</span> <span class='ocrx_word' id='word_1_411' title='bbox 579 4809 636 4898; x_wconf 89' lang='lat' dir='ltr'>qni</span> <span class='ocrx_word' id='word_1_412' title='bbox 648 4810 710 4881; x_wconf 81' lang='lat' dir='ltr'>dir·</span> <span class='ocrx_word' id='word_1_413' title='bbox 737 4813 857 4884; x_wconf 87' lang='lat' dir='ltr'>hebuit</span> <span class='ocrx_word' id='word_1_414' title='bbox 889 4814 973 4886; x_wconf 77' lang='lat' dir='ltr'>cliuos</span> <span class='ocrx_word' id='word_1_415' title='bbox 1009 4817 1116 4887; x_wconf 79' lang='lat' dir='ltr'>elios:</span> <span class='ocrx_word' id='word_1_416' title='bbox 1156 4826 1189 4888; x_wconf 86' lang='lat' dir='ltr'>ct</span> <span class='ocrx_word' id='word_1_417' title='bbox 1225 4820 1312 4889; x_wconf 92' lang='lat' dir='ltr'>dixit</span> <span class='ocrx_word' id='word_1_418' title='bbox 1372 4845 1383 4865; x_wconf 90' lang='lat'><strong>·</strong></span> 
     </span>
     <span class='ocr_line' id='line_1_49' title="bbox 132 4897 1309 4996; baseline 0.008 -28"><span class='ocrx_word' id='word_1_419' title='bbox 132 4897 215 4968; x_wconf 90' lang='lat' dir='ltr'>dnm</span> <span class='ocrx_word' id='word_1_420' title='bbox 237 4901 371 4987; x_wconf 84' lang='lat' dir='ltr'>captam</span> <span class='ocrx_word' id='word_1_421' title='bbox 388 4897 600 4968; x_wconf 88' lang='lat' dir='ltr'>venatienem</span> <span class='ocrx_word' id='word_1_422' title='bbox 619 4900 709 4970; x_wconf 89' lang='lat' dir='ltr'>ettu-</span> <span class='ocrx_word' id='word_1_423' title='bbox 737 4901 983 4975; x_wconf 86' lang='lat' dir='ltr'>adolescentior</span> <span class='ocrx_word' id='word_1_424' title='bbox 1019 4925 1059 4975; x_wconf 93' lang='lat' dir='ltr'>ex</span> <span class='ocrx_word' id='word_1_425' title='bbox 1097 4905 1162 4977; x_wconf 88' lang='lat' dir='ltr'>illis</span> <span class='ocrx_word' id='word_1_426' title='bbox 1199 4908 1309 4996; x_wconf 84' lang='lat' dir='ltr'>patri:</span> 
     </span>
    </p>
   </div>
   <div class='ocr_carea' id='block_1_4' title="bbox 0 0 1518 5400">
    <p class='ocr_par' dir='ltr' id='par_1_6' title="bbox 0 0 1518 5400">
     <span class='ocr_line' id='line_1_50' title="bbox 0 0 1518 5400; baseline 0 2"><span class='ocrx_word' id='word_1_427' title='bbox 0 0 1518 5400; x_wconf 95' lang='lat' dir='ltr'> </span> 
     </span>
    </p>
   </div>
  </div>
 </body>
</html>
