3025 5400
238 851 272 905 ut
289 860 377 921 supra
393 843 501 904 motum
518 850 570 917 eit,
588 845 740 906 interdicta
758 853 788 906 et
803 845 941 921 abrogata
956 845 1084 922 nmini)
1102 855 1135 909 nt
1152 865 1186 909 ea
1202 851 1329 911 rednere

150 915 205 997 et·
232 916 256 973 's
273 917 330 986 uti,
351 930 441 988 eaque
456 913 579 999 vendere
595 917 752 1043 raepeodre
770 918 894 1000 possint,
916 918 1047 977 similiter
1070 919 1272 993 permittimus,
1298 928 1328 981 et

151 984 201 1043 ind
294 1002 336 1043 us
363 984 428 1044 Non
447 984 625 1044 obstantibus
653 993 774 1058 icentus,
791 986 919 1059 indultis,
937 993 966 1045 et
1002 989 1069 1046 rivil
1106 988 1327 1063 'isquibuscum-

151 1072 206 1128 que
357 1055 422 1129 phis
441 1055 577 1114 moena
614 1072 646 1114 ei·
663 1057 737 1127 Nos,
761 1073 811 1115 seu
828 1057 972 1116 Romanos
1016 1059 1077 1116 onti
1098 1075 1144 1117 ces
1162 1060 1326 1132 praedeces·

151 1142 231 1184 sores
247 1132 361 1184 nostros
378 1125 496 1183 Missale
514 1073 689 1199 praedatum
706 1126 752 1184 Pii
770 1126 804 1185 V.
821 1128 1001 1200 imprimendi
1020 1129 1167 1198 concessis,
1185 1147 1259 1202 quae
1276 1147 1329 1205 per

153 1202 316 1268 praesentes
334 1211 466 1268 expresse
485 1211 659 1267 revocamus,
682 1203 712 1255 et
728 1204 861 1256 revocata
880 1198 1101 1258 essevolumus:
1125 1215 1234 1259 necnon
1253 1200 1327 1260 Con·

153 1264 357 1336 stitutionibus,
375 1271 404 1324 et
422 1264 650 1324 ordinationibus
660 1266 842 1340 Apostolicis,
857 1265 1037 1339 generalibus
1045 1268 1090 1326 vel
1100 1268 1278 1342 specialibus,
1296 1272 1326 1328 in

153 1336 327 1393 contrarium
336 1336 555 1409 praemissorum
564 1336 823 1418 quomodocumque
834 1338 981 1409 aiensis,
992 1336 1175 1411 confirmatis,
1186 1346 1327 1414 etappru·

154 1403 235 1462 batis.
262 1404 370 1477 Quibus
382 1403 521 1476 omnibus,
537 1406 649 1463 etiamsi
657 1406 693 1464 de
703 1407 770 1477 illis,
785 1423 938 1480 eorumque
952 1409 1021 1466 totis
1030 1409 1178 1468 tenoribus
1186 1411 1326 1483 specialis,
1364 1454 1368 1463 .

154 1474 291 1546 ipoeifica
307 1481 479 1602 eterffiessa
487 1477 595 1533 mentio
604 1474 734 1558 habenda
744 1483 825 1546 esset,
836 1477 1120 1560 tenoreshujusmodi
1130 1481 1326 1552 praesentibus

153 1561 205 1617 pro
222 1561 364 1619 expressis
418 1544 525 1615 bentes,
543 1546 597 1603 hae
614 1562 675 1603 vioe
685 1545 857 1605 dumtaxats
910 1547 1013 1619 naliter,
1029 1549 1327 1623 etexpressederoga·

153 1631 222 1686 mus,
240 1616 415 1687 caeterisque
433 1617 585 1674 contrariis
602 1615 831 1689 quibuscumque.
892 1618 1002 1675 olumus
1018 1625 1122 1689 autem,
1144 1626 1177 1678 ut
1193 1636 1327 1692 praesen-

153 1685 224 1742 tium
239 1686 426 1758 transumptis
444 1686 531 1743 ctiam
547 1686 700 1758 impressis,
719 1687 765 1744 vel
783 1703 868 1744 manu
886 1686 1006 1745 alicu'us
1015 1687 1129 1747 Notarii
1146 1689 1253 1762 publici
1261 1689 1326 1748 sub·

153 1755 274 1837 scriptis,
293 1762 322 1812 et
339 1754 432 1826 sigillo
451 1755 536 1828 alicuj
610 1771 728 1813 ersonae
745 1758 776 1813 in
793 1756 931 1828 dignitate
945 1705 1146 1819 decretoriae
1155 1760 1326 1818 constitutae

154 1826 279 1908 munitis,
302 1823 398 1882 eadem
436 1773 623 1908 rorsnsuisidgs
640 1825 794 1897 habeatur,
818 1827 976 1900 quaeipsis
994 1827 1190 1902 praesentibus
1208 1828 1327 1888 babere·

153 1900 210 1965 tur,
227 1912 252 1953 si
270 1901 363 1953 essent
381 1911 416 1952 ex
447 1894 533 1967 bitae,
551 1895 596 1953 vel
616 1902 753 1955 ostensae.

221 1998 327 2058 Datum
345 1999 454 2057 Romae
471 1998 547 2072 apud
565 1999 592 2056 S.
610 1999 738 2057 Marcum
757 1997 810 2057 sub
828 1999 943 2059 Annulo
960 2000 1114 2061 Piscatoris
1129 2000 1175 2060 die
1191 2002 1240 2060 rii.
1255 2002 1328 2062 Julti

152 2067 302 2128 itecJV.
321 2067 506 2129 Pontificatus
523 2072 616 2128 nostri
634 2070 719 2128 Anno
738 2070 798 2128 xiii.

361 2184 396 2247 ii.
421 2183 556 2250 i'estrlus
582 2187 761 2255 tertianis.

341 2479 708 2601 URBANUS
736 2487 940 2606 PAPA
968 2493 1133 2610 VIII.

449 2645 494 2713 lit
517 2644 725 2714 fidelitati
750 2644 808 2711 itti
832 2643 1031 2713 tantillis.

282 2870 358 2928 cives
378 2870 414 2941 (si
432 2872 463 2928 in
481 2887 528 2928 eos
547 2870 654 2928 invidia
673 2869 797 2941 caderet)
815 2868 942 2926 invidere
957 2875 1080 2942 possent,
1098 2869 1128 2927 id
1137 2876 1214 2927 certe
1224 2877 1268 2928 est
1278 2870 1328 2927 Sa-

265 2800 279 2857 1
297 2800 426 2872 quidest
443 2800 473 2857 in
490 2800 576 2858 rebus
593 2801 724 2858 humanis
742 2799 827 2872 plane
845 2797 987 2868 divinum,
1014 2797 1090 2870 quod
1111 2798 1195 2857 uobis
1213 2801 1327 2873 superni

154 2802 460 3139 §massuetum
478 2941 584 2999 Missae
604 2939 791 3009 Sacrificium,
815 2940 896 3010 cujus
921 2938 1056 2997 beneficio
1079 2938 1126 3010 fit,
1150 2946 1182 2997 ut
1200 2939 1328 2999 homines

165 3099 196 3139 os

283 3011 403 3082 quadam
421 3012 624 3084 anticipatione
642 3010 806 3084 possideant
821 3011 851 3065 in
866 3010 951 3065 terris
965 3009 1082 3079 coelum,
1102 3008 1168 3067 dum
1183 3017 1250 3067 ante
1263 3027 1329 3068 ocu·

234 3081 334 3146 abent,
359 3089 387 3139 et
405 3080 536 3139 manibus
555 3088 732 3140 contrectant
750 3081 841 3152 ipsum
861 3079 945 3149 cccli,
970 3087 1119 3150 terraeque
1137 3079 1328 3138 Conditorem.

156 3153 214 3223 Quo
232 3151 321 3223 magis
340 3158 383 3210 est
400 3150 568 3209 mortalibus
586 3150 782 3219 laborandum,
800 3155 832 3206 ut
850 3149 904 3206 hoc
920 3155 1030 3207 tuntum
1049 3148 1228 3231 privilegium
1241 3151 1329 3222 cultu,

154 3229 238 3304 atque
261 3221 369 3278 honore
391 3220 487 3279 debito
511 3228 657 3293 tueantur,
681 3226 855 3291 caveantque
872 3219 998 3290 Angelos
1018 3219 1205 3301 negligentiae
1223 3238 1320 3279 osores

154 3308 201 3417 quli
214 3291 408 3417 {untdiemuli
425 3292 625 3349 venerationis.
661 3292 735 3348 Hinc
754 3289 860 3417 {acturo
874 3295 933 3415 fist,
950 3296 987 3415 'Iit
1004 3289 1088 3361 hujus
1104 3291 1179 3418 (alacri
1199 3266 1328 3362 mysterii

154 3378 214 3488 itt
224 3378 292 3488 lta
306 3368 874 3512 titt⁰¹ttlit⁰lttblittla¹li
891 3364 1329 3513 illegitimitatis

153 3509 337 3568 conarer-unm
361 3501 421 3558 Nos
441 3517 550 3573 quoque
569 3519 667 3573 eornm
685 3508 813 3571 uestigiis
830 3499 1022 3564 inhaerentes,
1041 3506 1144 3557 iterum
1163 3516 1330 3582 examinari,

153 3579 181 3629 et
199 3572 223 3629 si
242 3571 310 3643 quid
329 3569 403 3628 forte
421 3572 450 3627 in
469 3572 504 3629 iis
523 3571 652 3629 assiduus
671 3570 759 3643 (quod
793 3570 937 3640 lorumque
951 3570 1100 3641 contingit)
1117 3578 1253 3643 temporis
1266 3588 1329 3628 cur-

153 3658 200 3698 sus
225 3643 400 3712 corruperit,
425 3642 539 3698 restitui
560 3643 734 3713 jusserimus.
768 3589 956 3722 &uaniobrem
975 3640 1057 3698 sicuti
1076 3657 1167 3713 nuper
1184 3641 1220 3697 ad
1239 3640 1328 3697 divini

154 3711 247 3768 Officii
265 3713 388 3768 nitorem
406 3711 555 3768 reformari
574 3711 761 3776 Brciiariuin,
780 3718 821 3767 ita
839 3709 950 3766 demum
962 3709 1045 3782 hujus
1055 3710 1330 3783 exemplouddivini

154 3781 293 3838 Sacrificii
317 3789 513 3838 urrianientum
537 3782 641 3853 corrigi
659 3781 776 3838 Missalc
799 3779 1002 3837 mandavimus.
1039 3780 1077 3838 Et
1095 3781 1229 3863 quonlam
1246 3781 1330 3838 hasce

153 3852 233 3923 quasi
256 3851 331 3916 alas,
372 3867 423 3908 uas
447 3850 584 3908 Sacerdos
607 3852 698 3909 instar
722 3849 983 3931 Cliei·ubim·prisci
1006 3851 1119 3921 mystici
1141 3850 1330 3908 Tabernaculi

154 3920 280 3992 quotidie
300 3869 399 3992 panIIit
418 3921 453 3977 ad
472 3938 569 3979 verum
587 3921 684 3978 mundi
703 3920 947 3992 Propitiatoiiuni,
967 3919 1047 3978 decet
1065 3936 1125 3978 esse
1144 3921 1227 4002 plane
1243 3921 1330 3991 gemi-

153 4008 205 4048 nas
222 3997 308 4062 atque
326 3989 493 4048 uniformes:
511 3991 595 4062 hujus
613 3993 654 4048 rei
675 4007 771 4048 curaui
786 3991 974 4047 commisimus
989 3991 1058 4047 viris
1073 3988 1199 4059 eruditis,
1218 3991 1330 4062 sepiis,

154 4078 273 4141 qnorum
292 4060 439 4132 diligentia
454 4062 496 4118 ita
513 4078 584 4132 opus
603 4061 757 4133 perfectum
777 4067 827 4128 est,
846 4067 877 4116 ut
887 4060 960 4117 nihil
969 4059 1124 4117 desiderari
1134 4060 1255 4133 amplius
1266 4078 1330 4132 pos-

154 4137 200 4188 sit
235 4131 310 4188 Nam
329 4130 467 4199 rubricae,
486 4147 557 4202 quae
578 4133 680 4189 sensim
697 4129 734 4187 ab
753 4147 820 4196 usu,
838 4132 950 4201 rituque
968 4137 1064 4187 vetere
1082 4128 1330 4200 degeneraverant,

154 4201 354 4327 ἰιιᾱριξίιὶίιιιιιη
367 4202 538 4326 1ιιιιοιὶῐιιῐιιεῗΙ
553 4218 624 4273 qnae
643 4219 709 4258 vero
719 4218 776 4258 non
787 4201 828 4256 ita
838 4202 932 4327 claiptui
943 4200 1094 4282 legentium
1103 4200 1330 4327 aecelmmggatae

128 4278 633 4413 sstlstvtbbttitit·
646 4277 1157 4413 tttttttttstllbtttttt
1176 4286 1236 4397 iis
1247 4285 1331 4397 ,titt

153 4411 321 4484 exemplum,
339 4427 522 4482 normamque
541 4419 669 4469 correcta
687 4417 761 4469 sunt.
784 4410 983 4467 Verumtamen
1003 4427 1102 4483 parum
1121 4357 1331 4482 prodessecon·

154 4482 246 4607 eugrit
268 4481 386 4580 solertia
408 4480 702 4608 Correffiirumfflnisi
726 4480 764 4608 ald
787 4497 849 4608 carli}
873 4496 925 4564 par
944 4480 1198 4608 Tlf⁰8ffleh0fleffl
1216 4479 1331 4605 accidat

154 4557 503 4704 aesitaberitis
523 4553 728 4692 ttulit}
744 4567 883 4678 ,itit
894 4557 1332 4704 a⁰lildllig¹ilulin¹¹iil⁸l

154 4697 279 4748 emittat:
303 4690 353 4747 sed
370 4707 443 4761 quae
461 4709 490 4749 in
510 4698 655 4764 posterum
674 4697 756 4749 eitra
774 4691 881 4749 Urbem
899 4707 1024 4763 imprimi
1042 4696 1203 4761 contigerit,
1222 4704 1256 4746 ea
1274 4705 1330 4746 non

154 4758 249 4829 aliter,
276 4776 360 4842 quam
384 4759 422 4818 ad
443 4762 587 4833 exemplar
611 4762 641 4819 in
666 4762 741 4819 dicta
759 4760 958 4833 Typographia
983 4777 1058 4818 nunc
1081 4759 1188 4817 editum
1206 4759 1244 4841 im
1265 4758 1331 4814 rimi

155 4832 456 4958 possefipermittimus,
475 4832 611 4904 requisita
628 4838 722 4890 tamen
740 4832 833 4905 prins,
852 4837 881 4888 et
899 4831 929 4887 in
947 4831 1061 4903 scriptis
1079 4831 1197 4889 obtenta
1215 4776 1332 4885 difeoto-

155 4915 217 4957 ram
266 4900 360 4959 iorum
377 4901 581 4974 luquIsitorum
600 4901 761 4961 haereticae
780 4902 945 4975 pravitatis,
970 4902 1000 4958 in
1022 4901 1059 4958 iis
1082 4900 1153 4958 locis
1176 4900 1206 4957 in
1230 4896 1332 4970 quibus

722 5014 732 5053 l
