3025 5400
408 535 568 618 Appendix
588 535 759 597 prissanum.
786 534 830 620 (9.
851 531 1063 617 Septembris.)
1227 537 1322 608 xxvii

146 766 295 853 mentes,
322 765 456 837 dimitte
480 786 538 836 eos
562 766 620 855 qui
644 787 723 836 con·
750 787 789 837 re
816 772 881 838 cto.
912 767 1049 838 Accidit
1071 773 1187 836 autern
1209 773 1248 836 ut
1267 785 1322 836 sa·

146 852 250 925 fracti
266 860 355 941 sunt,
386 853 525 942 liberos,
563 859 598 924 et
625 874 723 924 omne
750 855 871 924 cerdos
880 854 1018 944 quidam
1031 852 1254 925 descenderet
1264 854 1322 923 et·

147 961 236 1011 onus
259 940 442 1030 disrirmpe.
483 942 621 1031 Frange
645 963 722 1013 esu·
750 941 828 1012 dcrn
851 943 921 1012 via:
946 950 981 1013 et
1002 943 1075 1012 viso
1098 941 1156 1012 illo
1176 948 1322 1030 praeter·

146 1029 252 1098 rienti
272 1048 395 1119 panem
417 1036 524 1117 tuum,
545 1036 581 1100 et
598 1031 723 1119 egenos
750 1031 823 1100 ivit.
862 1029 1026 1100 Similiter
1049 1036 1084 1099 et
1106 1029 1223 1130 levita²
1244 1049 1321 1100 curn

146 1116 323 1207 vagisque
365 1115 467 1188 induc
508 1118 543 1186 in
587 1116 723 1187 domum
750 1124 843 1188 esset
866 1139 963 1189 secus
986 1117 1097 1188 lacurn
1137 1122 1173 1187 et
1189 1115 1323 1187 videret

146 1210 262 1274 tuam:
308 1226 383 1276 cum
419 1203 547 1275 videris
584 1205 722 1294 nudum,
751 1226 838 1293 eum,
854 1206 1065 1294 pertransiit.
1087 1173 1322 1275 damantenus

147 1290 246 1381 dperi
278 1313 372 1381 eum,
405 1299 440 1363 et
465 1312 601 1363 carnem
629 1298 721 1363 tuam
750 1300 865 1363 autem
904 1293 1040 1383 quidam
1078 1294 1146 1364 iter
1182 1292 1321 1380 iaciens,

146 1400 192 1449 ne
209 1378 419 1468 despexeris.
450 1380 544 1451 Tunc
566 1382 724 1470 erimpet
749 1382 844 1451 venit
872 1401 970 1451 secus
1005 1402 1097 1451 eum:
1135 1386 1170 1451 et
1202 1380 1322 1452 videns

148 1467 247 1556 quasi
273 1488 373 1537 mane
402 1468 516 1538 lumen
544 1474 656 1555 tuum,
687 1473 722 1538 et
750 1489 844 1550 eum,
867 1469 1102 1539 misericerdia
1123 1474 1236 1539 motus
1258 1473 1321 1539 est.

149 1555 279 1625 semitas
304 1560 365 1625 tua
386 1556 487 1626 citius
510 1556 658 1644 orietur,
687 1563 723 1627 et
749 1558 798 1627 Et
827 1557 1034 1658 apprepians
1064 1555 1217 1645 alligavit
1246 1555 1321 1625 virl-

149 1642 298 1713 anteibit
319 1641 439 1714 ficiem
468 1648 562 1714 tuam
586 1645 723 1735 justitia
749 1666 834 1714 nera
856 1665 940 1734 epus,
964 1642 1144 1714 infindens
1160 1643 1271 1713 eleum
1287 1649 1323 1714 et

149 1735 221 1818 tua,
245 1736 281 1800 et
297 1731 408 1820 gldria
425 1731 562 1802 Demini
585 1732 723 1821 cdlliget
749 1734 882 1803 vinum:
911 1738 946 1803 et
973 1732 1150 1821 impenens
1172 1731 1266 1800 illum
1286 1730 1322 1800 in

148 1823 195 1888 te.
228 1817 323 1889 Tunc
345 1819 528 1903 invoctbis,
552 1824 587 1889 et
605 1820 722 1889 Demi·
753 1821 938 1890 'umentum
955 1841 1063 1907 suurn,
1084 1819 1180 1890 duxit
1194 1819 1229 1888 in
1250 1820 1322 1889 sti·

147 1926 214 1976 nus
227 1905 400 1977 exairdiet:
425 1907 597 1994 clamibis
622 1912 657 1978 et
670 1907 722 1977 di·
745 1843 877 1995 lrulum,
894 1914 928 2009 et
944 1928 1060 1979 curam
1077 1908 1151 2009 ejus
1167 1907 1248 1996 egit.
1271 1906 1320 1976 Et

148 2000 219 2065 cet:
244 1993 334 2065 Ecce
354 1994 484 2065 adsum.
531 1994 616 2065 Cum
638 1995 722 2065 effu-
750 1996 859 2066 altera
886 1995 941 2065 dre
975 1996 1119 2085 pretul1t
1146 1994 1231 2066 duos
1261 1994 1321 2065 de-

149 2081 244 2152 deris
267 2082 430 2153 esurienti
453 2083 599 2153 enimam
618 2088 721 2170 tuam,
749 2085 874 2165 nerins,
899 2089 934 2153 et
951 2083 1047 2154 dedit
1067 2083 1265 2172 stabultrio,
1286 2086 1323 2152 et

148 2174 186 2241 et
212 2169 359 2240 enimam
383 2170 545 2242 afflictam
567 2170 722 2272 repleve-
749 2174 818 2242 ait:
857 2170 982 2241 Curam
1016 2171 1105 2241 illius
1140 2171 1250 2242 habe:
1286 2176 1323 2241 et

147 2257 213 2347 ris,
248 2258 379 2328 orietur
412 2259 446 2328 in
480 2260 632 2329 tenebris
665 2258 722 2328 lux
750 2258 986 2350 quodcirmque
1009 2258 1322 2348 supererogdveris,

150 2350 223 2434 tua,
247 2352 282 2415 et
303 2347 455 2417 tenebrae
475 2353 544 2417 tuae
560 2354 660 2417 erunt
677 2346 722 2415 si·
749 2369 813 2436 ego
830 2369 907 2418 cum
919 2346 1066 2434 rediero,
1090 2346 1231 2417 reddam
1247 2346 1322 2418 tibi.

149 2438 209 2504 cut
231 2434 401 2505 meridies.
751 2435 834 2522 Quis
853 2437 974 2505 horum
990 2435 1092 2505 trium
1111 2435 1248 2506 uidetur
1262 2436 1325 2508 tibi

170 2514 354 2590 Gradunlc.
378 2520 434 2592 Ps.
458 2525 510 2591 71.
543 2521 722 2593 Liberibit
749 2524 926 2614 preximus
950 2520 1054 2593 luisse
1077 2522 1136 2612 illi,
1183 2525 1218 2594 ui
1240 2525 1326 2596 inci·

148 2610 335 2698 padperem
359 2630 380 2678 a
401 2609 551 2698 potente,
581 2616 616 2680 et
662 2612 722 2680 air·
751 2612 801 2681 dit
823 2612 858 2681 in
881 2611 1053 2681 latrenes?
1084 2610 1133 2681 At
1147 2545 1205 2682 ifle
1221 2611 1324 2682 dixit:

147 2716 268 2855 Berem
296 2697 350 2769 cui
377 2719 444 2768 non
473 2702 548 2767 erat
574 2631 721 2799 adjdior.
751 2699 816 2787 Qui
837 2698 918 2771 fecit
938 2698 1207 2771 misericerdiam
1226 2702 1260 2770 in
1281 2700 1323 2771 il·

177 2790 274 2855 arcet
303 2787 447 2874 pairperi
476 2790 511 2855 et
541 2786 650 2874 inopi:
687 2791 723 2856 et
749 2789 830 2858 lum.
861 2788 909 2857 Et
931 2788 980 2857 ait
999 2788 1047 2858 illi
1070 2787 1190 2859 Jesus:
1214 2788 1323 2877 Vade,

147 2873 279 2944 enimas
308 2876 498 2962 pairperum
531 2873 644 2944 salvas
670 2873 722 2944 fe·
750 2884 786 2946 et
809 2882 846 2946 tu
869 2875 922 2947 fac
946 2876 1113 2946 similiter.

149 2962 226 3062 ciet:
269 2960 322 3031 Ex
346 2962 460 3063 pscris
485 2966 520 3031 et
541 2962 722 3051 iniquitate
768 2978 1151 3049 crin-arrium.‚Jonas
1166 2979 1324 3069 nequod

146 3047 296 3150 r⁶d1¹¹¹9t
312 3051 442 3119 emmas
458 3049 592 3119 eerum:
611 3057 646 3120 θῐ
660 3051 722 3120 ¹¹0·
750 3068 952 3140 liberdssem
982 3070 1167 3158 pauperem
1196 3067 1323 3139 vocife-

148 3135 303 3207 noribrle
325 3157 446 3206 nomen
467 3136 584 3207 eerum
608 3159 722 3209 ccrarn
749 3159 899 3244 fantem,
929 3164 963 3226 et,
989 3178 1034 3246 pu
1061 3156 1154 3226 plum
1179 3155 1234 3226 cui
1256 3177 1323 3226 „011

142 3224 243 3390 {ml-,5
262 3221 424 3382 &eufimie
448 3225 647 3384 &gynden
714 3337 720 3350 .
750 3252 848 3355 esset·
866 3244 1018 3335 adjutor,
1037 3177 1239 3345 zenedictio
1263 3265 1323 3333 pe-

147 3359 321 3470 nsitans
343 3333 463 3471 triti
478 3334 620 3472 nli:
636 3334 722 3472 lli:
749 3331 1324 3491 {ileneggntgtnltitltecti

145 3488 504 3577 uisctrispairperum.
528 3488 606 3560 Tibi
622 3489 721 3560 dere·
749 3508 803 3578 lus
824 3507 874 3578 fui
901 3528 1004 3595 caco,
1034 3514 1069 3577 et
1096 3527 1157 3598 pes
1186 3507 1321 3580 claudo:

145 3575 248 3676 lictus
264 3581 318 3676 est
339 3596 486 3665 pauper:
511 3575 664 3678 erphano
683 3585 721 3648 tu
749 3603 851 3687 pater
875 3616 967 3665 eram
992 3599 1190 3685 pauperum.

144 3683 216 3733 errs
238 3661 386 3753 adpitor.
430 3663 589 3756 AllelirJa.
959 3713 1108 3784 Secreta·

138 3799 334 3892 Sequentia
351 3804 458 3875 sancti
471 3804 650 3894 Evangelii
668 3827 721 3876 se·
809 3823 957 3894 Arimis
1005 3823 1142 3894 victima
1222 3844 1323 3913 quam

207 3889 354 3961 Csffldum
378 3890 517 3963 Lucam·
558 3909 585 3956 ⁰·
610 3889 659 3954 1⁰·
819 3911 1034 3982 immolantes
1058 3879 1246 3999 offerimus,
1278 3911 1324 3981 sit

185 4010 219 4083 N
240 4012 298 4083 illo
327 4014 495 4102 tempore:
524 4013 721 4105 Lengpel‘i-
748 4000 861 4086 ssOblS,
886 3999 1047 4085 Domine,
1069 4006 1104 4069 ῐθ
1127 4001 1312 4070 miserente

138 4011 180 4183 Ι
204 4105 262 4170 tus
286 4099 423 4190 quidam
450 4100 568 4172 mens
601 4101 721 4174 qstjfi.
748 4088 994 4188 propit-itbilis:
1030 4092 1077 4193 et·
1099 4088 1192 4189 lietti
1226 4055 1323 4188 Petri

145 4189 227 4259 care
247 4189 406 4280 seipsum,
425 4188 512 4258 dixit
529 4189 572 4259 ad
585 4125 719 4262 iesum:
748 4176 909 4262 precibus
931 4180 966 4246 ct
993 4180 1141 4263 mentis,
1165 4175 1208 4245 ad
1232 4176 1322 4246 obtr-

145 4275 195 4348 Et
244 4277 299 4346 uis
328 4284 382 4347 est
403 4297 500 4347 meus
524 4278 720 4367 proximus?
749 4262 896 4332 nendum
921 4262 1094 4352 patientiae
1116 4271 1151 4334 et
1169 4262 1322 4335 caritetis

146 4297 344 4454 Suscipiens
361 4364 600 4452 decemimus,
619 4366 719 4436 dixit:
748 4353 979 4452 augmentum,
1001 4349 1121 4451 efficax
1142 4357 1177 4420 θῑ
1194 4351 1322 4421 salute·

144 4452 259 4522 Homo
275 4451 414 4540 quidam
432 4452 662 4524 descendebat
677 4456 719 4525 ab
748 4458 808 4507 1'18·
855 4438 924 4510 Pes
943 4438 1136 4509 dernum.

144 4537 342 4610 Jerirsalem
365 4540 400 4609 in
423 4539 578 4628 iericho,
609 4548 644 4612 et
669 4544 721 4611 ln·
768 4534 977 4606 Communia.
1007 4533 1131 4605 llzech.
1154 4538 1206 4605 34.
1243 4535 1321 4633 Ego

145 4626 230 4697 cidit
257 4626 292 4696 in
326 4626 493 4716 latrones,
528 4630 586 4719 qui
617 4630 720 4699 etiam
748 4651 887 4720 pascam
904 4651 984 4700 oves
1007 4652 1109 4720 meas,
1133 4636 1169 4701 et
1191 4651 1250 4701 eas
1266 4652 1321 4702 ac-

148 4713 428 4805 despcliaverunt
442 4737 534 4787 eum:
559 4724 594 4787 et
609 4716 720 4806 plagis
751 4718 877 4789 cubtre
896 4716 1028 4810 seciam,
1053 4719 1136 4792 dicit
1156 4718 1325 4808 Demiuns
