3025 5400
198 536 261 604 100
385 541 521 599 Sabbata
545 554 612 617 post.
630 540 817 601 llnrninicanr
844 543 892 603 lll.
918 538 1168 621 eradragnsimae.

195 675 366 744 vertimini
396 674 439 744 ad
466 675 646 765 judicimn,
684 677 764 765 quia
790 678 921 748 vicerat
956 676 1044 748 enim
1076 697 1134 747 eos
1161 673 1285 746 Deniel
1320 692 1360 745 ex

195 760 315 832 falsum
328 762 556 833 testimenium
568 764 672 834 inciti
685 772 763 835 sunt
791 786 851 835 ore
880 786 941 835 sun
967 762 1089 846 falsum
1112 762 1241 834 dixisse
1263 761 1359 832 testi·

194 848 358 920 adversus
388 872 472 920 earn.
517 850 688 922 Reversus
712 860 765 923 est
791 851 953 940 menium)
967 850 1105 924 fecerim
1146 851 1261 939 neeis,
1274 850 1371 919 sicnt'

194 958 275 1027 erga
291 939 436 1040 pepulus
449 961 524 1010 cum
537 938 762 1041 iestirratibne.
791 940 878 1011 male
902 943 1044 1042 egerant
1065 938 1130 1011 adv
1151 959 1230 1009 rsus
1247 936 1359 1028 prexi-

194 1024 242 1095 Et
271 1024 357 1096 drxrt
384 1027 427 1097 ad
451 1049 508 1098 ecs
531 1026 671 1097 Demel:
704 1027 763 1098 Se·
791 1050 892 1113 mum,
912 1036 948 1099 et
962 1025 1207 1119 mteriecerunt
1222 1046 1291 1097 eos.
1314 1022 1359 1095 Et

193 1113 655 1273 gafetetignsdabfflinvieem
679 1137 764 1273 gro·
791 1116 1023 1274 ξείᾙᾴϊυῇιοεῐ
1044 1116 1181 1206 sanguis
1203 1113 1359 1185 innixius

212 1222 634 1289 u,e1urcce0s.
707 1225 826 1274 umm
872 1225 904 1274 1e
965 1225 995 1274 a.

194 1309 275 1376 ergo
313 1224 413 1360 dividi
450 1298 564 1360 essent
599 1291 686 1361 alter
720 1294 763 1363 ab
812 1289 992 1359 iiradnnle.
1023 1290 1078 1359 Ps.
1101 1293 1152 1359 92.
1184 1288 1222 1359 Si
1240 1288 1358 1358 ambu-

193 1377 317 1463 eltere,
350 1379 485 1448 vocavit
512 1399 614 1448 unum
637 1378 680 1449 de
704 1380 763 1468 eis,
790 1379 856 1449 lem
884 1380 919 1449 in
945 1377 1056 1449 medic
1078 1376 1207 1448 umbrae
1231 1375 1358 1462 mortis,

194 1470 228 1535 et
255 1463 342 1534 (lixit
368 1466 412 1535 ad
441 1487 535 1536 eum:
566 1467 763 1538 Inveterate
791 1488 858 1536 nnn
880 1465 1006 1537 timebo
1021 1464 1122 1535 mala:
1147 1464 1307 1553 queniam
1323 1468 1360 1532 tu

195 1549 327 1621 dierum
350 1554 524 1642 meierum,
548 1575 637 1625 nunc
659 1557 764 1625 vene·
790 1574 921 1625 mecum
938 1574 974 1623 es
1007 1552 1161 1622 Demine.
1184 1552 1224 1633 ll.
1252 1549 1361 1641 Virga

192 1645 274 1708 runt
295 1644 438 1728 pecctta
457 1648 526 1743 tua²
551 1663 626 1731 quae
641 1663 763 1731 opera·
792 1649 860 1730 tua,
884 1647 920 1712 et
941 1609 1082 1712 bdeulus
1104 1644 1193 1727 tuus,
1216 1637 1293 1728 ipsa
1308 1658 1360 1709 me

191 1727 284 1828 beris
307 1728 419 1829 prim,
450 1728 608 1837 juidrcans
633 1729 764 1821 judicia
791 1730 962 1830 consultata
984 1732 1096 1829 sunt..
1272 1812 1291 1827 ..

191 1817 337 1971 mJndia''
349 1824 545 1920 innocentes
558 1817 762 1974 ⁶PP¹JJ¹¹P¹¹⁸²
787 1816 970 1974 Sequentia
990 1820 1098 1973 salmati
1113 1812 1295 1969 labangehg
1308 1830 1360 1883 se·

191 1905 601 2094 tantilitatem
637 1911 763 2082 steti?
830 1908 1361 2092 clientellus

191 2084 279 2147 stum
315 2100 380 2148 non
415 2080 610 2150 interficies.
661 2080 761 2150 Nunc
853 2079 956 2150 Jesus
984 2100 1019 2148 m
1046 2083 1195 2147 montem
1218 2073 1359 2147 Obvetr:

191 2185 288 2253 ergo,
312 2167 340 2235 si
362 2167 476 2237 uidisti
502 2189 587 2253 earn,
612 2167 675 2253 dic,
699 2167 762 2238 snb
790 2174 826 2237 et
860 2166 1006 2238 diliculo
1037 2157 1162 2236 iteium
1197 2163 1294 2234 venit
1326 2162 1361 2232 in

191 2273 258 2342 qua
280 2254 403 2324 arbore
426 2255 554 2325 videris
577 2277 635 2325 eos
659 2254 762 2326 colle·
789 2255 970 2357 templum,
1006 2259 1042 2324 et
1074 2251 1181 2323 omnis
1214 2251 1260 2341 pe
1285 2249 1361 2320 ulus

193 2342 336 2429 quentes
370 2342 444 2412 sibi.
495 2342 559 2430 Qui
587 2345 657 2413 ait:
692 2342 761 2414 Sub
789 2350 883 2413 venrt
905 2341 947 2412 ad
965 2362 1050 2429 eum,
1073 2347 1109 2411 et
1123 2337 1248 2410 sedens
1261 2271 1362 2409 doce·

192 2428 317 2498 schino.
364 2430 459 2499 Dixit
486 2438 599 2501 autem
623 2430 760 2501 Daniel:
788 2432 849 2501 bat
860 2451 928 2500 eos.
944 2429 1130 2501 Adducunt
1141 2424 1257 2498 auteni
1270 2424 1361 2497 Scri·

190 2514 296 2586 Recte
326 2520 489 2587 mentitus
520 2540 556 2588 es
589 2520 624 2588 in
659 2526 762 2674 caqnt
788 2519 841 2588 bae
871 2523 906 2588 et
936 2516 1099 2587 Pharisaei
1124 2516 1303 2586 mulierem
1326 2514 1361 2583 in

191 2611 295 2672 tuum.
352 2604 443 2676 Ecce
482 2606 570 2675 enirn
607 2606 761 2677 Ancus
789 2606 957 2675 adulterio
1006 2603 1275 2693 deprehensam:
1326 2609 1362 2672 et

191 2691 267 2781 Dei,
292 2694 431 2782 uccepta
453 2695 622 2765 sententia
643 2629 686 2765 ai
710 2716 760 2781 eo,
788 2694 982 2764 statuerunt
1012 2713 1086 2763 eam
1107 2690 1143 2760 in
1165 2688 1278 2762 medio
1326 2696 1362 2760 et

191 2779 323 2850 scindet
335 2789 369 2850 te
384 2781 541 2851 medium.
574 2782 631 2871 Et,
648 2782 761 2851 ambtn
789 2782 949 2852 dixerunt
975 2780 1024 2851 ei:
1059 2780 1251 2869 Magister,
1285 2745 1361 2848 iraec

191 2889 251 2952 ee,
284 2869 389 2958 jussit
418 2872 535 2940 uenire
566 2871 690 2957 elium,
725 2875 761 2939 et
788 2869 910 2940 mirlier
938 2868 1039 2939 medo
1069 2866 1284 2956 deprehensa
1307 2872 1361 2936 est

190 2955 278 3024 dixit
301 2958 347 3025 ei:
378 2957 499 3026 Semen
522 2957 697 3044 Chenaan,
726 2959 822 3028 etin
849 2957 1025 3027 adulterio.
1071 2956 1110 3025 In
1137 2955 1215 3046 lege
1243 2961 1359 3024 autern

189 3064 255 3112 non
279 3042 379 3128 luda,
405 3045 533 3132 species
557 3045 693 3133 decepit
714 3053 759 3131 te,
788 3046 927 3134 Meyses
961 3041 1134 3114 mandevit
1163 3043 1261 3113 nobis
1294 3042 1359 3112 hu·

190 3138 224 3199 et
273 3133 544 3221 concupiscentia
592 3133 761 3203 subvertit
782 3131 932 3221 jusmodi
970 3131 1132 3220 lapidare.
1179 3130 1231 3200 Tu
1274 3150 1359 3220 ergo

190 3239 248 3288 cor
271 3227 383 3289 tuum:
408 3220 456 3289 sic
479 3220 655 3291 faciebetis
672 3219 763 3289 filit-
787 3220 869 3308 quid
893 3218 998 3290 dieis?
1030 3218 1105 3290 Hoc
1127 3225 1242 3289 autem
1265 3217 1358 3289 dice-

188 3307 251 3376 bus
281 3307 409 3395 lsrael,
445 3313 481 3376 et
509 3308 575 3377 illae
597 3309 759 3377 timentes
787 3308 882 3392 bant,
906 3308 1079 3377 tententes
1103 3327 1193 3394 eum,
1219 3311 1258 3376 ut
1279 3325 1358 3395 pos-

189 3394 416 3481 lnquebentur
445 3396 559 3465 vobis:
596 3396 656 3466 sed
687 3393 760 3464 iilia
786 3402 862 3465 sent
903 3396 1062 3465 accusare
1104 3415 1191 3464 eum.
1253 3391 1356 3465 Jesus

188 3480 280 3551 luda
314 3504 380 3552 nnn
407 3485 570 3552 sustinuit
598 3483 759 3572 iniquite·
787 3489 899 3553 autem
929 3481 1091 3552 inclinans
1117 3502 1154 3551 se
1185 3480 1354 3568 doersum,

189 3578 259 3637 tem
282 3579 441 3640 vestram.
477 3570 575 3641 Nunc
598 3592 680 3660 erga
705 3569 759 3640 dic
787 3570 893 3661 digito
906 3569 1075 3642 scribebat
1087 3570 1120 3640 in
1136 3575 1240 3639 terra.
1272 3568 1354 3639 Cum

188 3657 284 3743 mihi,
320 3659 382 3728 sub
415 3679 482 3746 qna
515 3660 638 3729 erbnre
667 3679 758 3728 ccm-
786 3680 868 3746 ergo
907 3659 1166 3747 perseverarent
1208 3657 1355 3727 interro·

187 3745 410 3832 prebendaris
423 3767 481 3815 ens
494 3746 669 3847 loquentes
683 3746 756 3816 sibi.
785 3749 905 3837 gentes
921 3766 1007 3832 eum,
1031 3744 1139 3816 erexit
1153 3765 1201 3832 se,
1218 3750 1254 3814 et
1270 3742 1356 3814 dixit

189 3833 253 3919 eri
286 3834 353 3902 aits:
395 3834 464 3903 Sub
499 3856 607 3922 prmo.
661 3834 756 3903 Dixit
785 3834 848 3903 eis:
876 3834 941 3921 Qui
965 3834 1037 3904 siue
1059 3835 1198 3921 peccetn
1222 3838 1277 3902 est
1298 3851 1354 3902 ve·

188 3929 301 3989 autern
324 3921 354 3989 ei
376 3922 513 3991 Deniel:
536 3922 642 3992 Recte
663 3942 756 3990 men-
785 3927 910 4008 strum,
936 3922 1067 4022 primus
1088 3920 1123 3990 in
1150 3919 1242 3991 illam
1269 3918 1354 4009 lepi-

189 4009 272 4076 titus
294 4029 331 4078 es
355 4015 390 4078 ct
411 4014 449 4079 tu
472 4010 504 4078 in
528 4018 631 4097 caput
646 4015 755 4078 tumn:
785 4008 862 4079 dem
899 4014 1025 4079 mittat.
1077 4007 1125 4078 Et
1157 4009 1284 4078 iterum
1319 4026 1355 4077 se

187 4103 300 4165 manet
324 4097 411 4165 enim
436 4096 587 4187 Angelus
610 4096 755 4181 Remini,
784 4097 964 4185 inclinans,
995 4095 1165 4167 scribebat
1192 4096 1227 4166 in
1250 4102 1354 4166 terra.

187 4183 336 4271 gladium
366 4184 512 4270 habene,
542 4191 580 4254 ut
607 4192 700 4254 secet
722 4190 757 4253 te
785 4184 973 4254 Audientes
997 4190 1128 4271 autern,
1158 4204 1246 4253 unus
1278 4189 1356 4273 post

187 4271 354 4359 medium,
393 4279 428 4342 et
463 4271 648 4342 interficiat
685 4292 755 4341 ves.
785 4294 887 4342 unum
919 4274 1074 4359 exibant,
1104 4270 1305 4360 incipientes
1336 4292 1356 4341 a

188 4359 399 4429 Exclnmevit
420 4362 535 4448 itaque
558 4361 665 4429 omnis
688 4380 756 4428 cm·
785 4360 989 4430 senieribus:
1021 4365 1057 4429 et
1077 4359 1241 4429 remansit
1263 4358 1355 4429 solus

187 4452 243 4514 tus
257 4468 339 4517 vnce
362 4468 492 4535 magna,
517 4455 552 4516 et
575 4446 756 4517 benedixe-
784 4448 907 4534 desae,
948 4455 983 4517 et
1015 4447 1138 4520 mulier
1171 4446 1206 4516 in
1240 4445 1356 4517 medio

187 4541 267 4603 runt
279 4535 398 4621 Deum,
423 4534 479 4622 qui
495 4535 604 4604 salvat
617 4538 756 4623 speren-
785 4542 887 4604 stans.
908 4535 1178 4625 Erigensautem
1192 4532 1356 4635 sedesus²

182 4631 238 4690 tes
256 4622 293 4689 in
316 4643 363 4691 se.
395 4621 445 4691 Et
469 4625 758 4692 consmrenerunt
785 4622 870 4692 diuit
889 4623 937 4692 ei:
963 4622 1098 4708 Milier,
1114 4622 1174 4693 ubi
1189 4631 1279 4710 sunt,
1294 4643 1356 4712 qm

162 4706 337 4781 adrersus
365 4709 455 4783 duos
478 4712 637 4786 senieres
661 4711 758 4803 (cnu-
788 4717 826 4783 te
847 4710 1070 4783 accusabamur
1094 4729 1193 4781 nemu
1215 4715 1252 4782 te
1275 4729 1357 4783 cun·
