3025 5400
252 554 344 616 Faria
366 554 420 616 Vl.
443 564 514 634 post
536 554 722 617 Domiuieaur
747 556 800 616 lv.
826 552 1081 623 (luadrauesimae.
1197 547 1258 619 113

144 686 274 757 luisses
307 688 364 758 hio
421 685 529 758 irater
562 708 660 758 meus
687 709 775 758 eum.
806 687 949 775 Quidam
973 693 1087 757 autem
1111 709 1152 757 ex
1176 689 1258 777 ipsis

129 797 153 845 u
177 774 305 876 fuisset
330 742 501 877 mhrtuus3
535 774 595 845 sed
623 781 660 845 et
687 774 861 876 dixerunt:
878 775 955 844 Non
971 775 1183 876 poterathie,
1224 776 1258 844 ui

129 882 287 1039 mear
309 865 660 1021 thaludthth
685 796 1257 1020 tatutlhhnrnnnlt

129 1057 188 1107 eus
235 1036 332 1109 Dicit
360 1037 410 1108 illi
434 1004 555 1108 ’Jesusz
591 1037 658 1108 Re·
686 1006 789 1107 Jesu⁷s
823 1059 905 1127 ergo
939 1059 1075 1107 rursum
1110 1035 1257 1107 fremens
1338 1098 1343 1113 ,

129 1132 204 1214 rget
239 1123 351 1195 frater
375 1131 467 1195 tuus.
511 1125 605 1197 Dicit
628 1125 659 1195 ei
686 1124 720 1194 in
744 1126 864 1195 semeti
890 1146 937 1211 so,
960 1127 1054 1195 venit
1076 1122 1119 1193 ad
1138 1145 1256 1193 monu-

129 1212 245 1283 uma:
280 1211 374 1315 Seio,
397 1213 480 1314 quia
500 1215 660 1314 resurget
684 1214 844 1283 mentum.
862 1147 1072 1282 Dratautem
1086 1209 1256 1313 spelunea,

137 1300 454 1372 resurrectionem
477 1301 658 1370 novissimo
685 1304 721 1370 et
748 1304 781 1373 la
805 1301 833 1370 is
856 1321 939 1388 supe
984 1301 1090 1370 dsitus
1117 1307 1191 1369 erat
1215 1320 1256 1369 er.

129 1408 150 1456 a
185 1386 288 1488 Dixit
302 1388 333 1458 ei
348 1385 468 1489 Jesus:
493 1387 568 1489 Ego
584 1409 657 1457 sum
685 1388 758 1489 AD.
781 1322 902 1489 Rosius:
968 1388 1061 1457 dllite
1098 1384 1256 1488 lapidem.

129 1476 313 1562 romacho,
337 1482 373 1544 et
394 1481 481 1545 vita:
504 1496 562 1565 qur
585 1495 658 1545 cro·
684 1476 777 1545 Drcrt
809 1496 840 1545 er
870 1475 1010 1546 Martha
1043 1495 1140 1545 soror
1173 1495 1256 1576 epus,

129 1562 198 1633 tin
221 1582 296 1641 me,
323 1562 427 1633 etiam
454 1562 483 1632 si
505 1563 659 1633 mortuus
685 1564 743 1652 qui
770 1562 924 1632 mortuus
946 1560 1073 1631 iuerat:
1103 1561 1255 1648 Domine,

129 1649 210 1737 erit,
243 1650 356 1720 vivet:
387 1657 423 1721 et
445 1650 570 1737 omnis,
600 1650 695 1741 quij
780 1649 896 1733 ioetet,
926 1648 1173 1740 quatriduanus
1204 1652 1257 1717 est

129 1736 188 1824 rit,
225 1743 261 1808 et
290 1736 400 1807 eredit
424 1738 460 1807 iu
486 1758 557 1822 me,
583 1759 658 1808 uon
686 1738 785 1808 enim.
823 1737 916 1808 Dicit
938 1737 969 1806 ei
990 1734 1110 1807 Jesus:
1134 1735 1256 1805 Nonne

129 1824 255 1894 >rietur
277 1825 312 1894 iu
335 1827 507 1896 aeternum.
538 1822 658 1894 Credis
686 1825 756 1895 dixi
779 1825 859 1911 tibi,
913 1824 1061 1911 uoniam,
1094 1824 1121 1893 si
1145 1821 1256 1893 credi-

129 1911 172 1981 e?
196 1912 260 1983 Ait
275 1912 340 1982 illi:
362 1911 489 2002 Utique
505 1911 658 1999 Domine,
685 1912 795 1999 deriS,
828 1910 907 1981 vide
931 1912 960 1980 is
993 1911 1135 2001 gloriam
1170 1910 1256 1979 Dei?

129 2018 151 2068 o
173 1997 316 2086 credidi,
361 2000 420 2070 uia
439 2005 479 2069 tu
501 2020 538 2069 es
560 1997 659 2070 Chri·
685 2000 852 2070 Tulerunt
867 2019 949 2085 ergo
965 1998 1129 2087 lapidem:
1154 1996 1256 2067 Jesus

129 2107 162 2155 m
192 2085 304 2157 Filius
331 2020 397 2157 flea
423 2088 510 2174 vivi,
534 2088 603 2187 'qui
624 2088 659 2156 in
686 2093 811 2174 autem,
829 2087 971 2156 devotis
988 2106 1122 2156 sursum
1140 2084 1256 2186 oculis,

129 2194 177 2243 ure
217 2172 382 2244 mundum
420 2175 553 2245 venisti.
612 2175 661 2245 Et
687 2174 788 2244 dixit:
811 2174 925 2253 Pater,
950 2173 1080 2262 grttias
1103 2193 1166 2282 ago
1183 2173 1256 2259 nbi,

129 2282 164 2329 m
194 2260 270 2331 haee
298 2259 457 2347 dixisset,
491 2262 591 2349 obiit,
626 2269 661 2331 et
687 2262 844 2351 quoniam
867 2256 992 2330 audisti
1012 2282 1074 2331 me.
1107 2260 1182 2348 ago
1198 2280 1257 2329 au-

129 2348 225 2419 otvit
237 2348 383 2419 Mariam
397 2349 548 2419 sororem
566 2370 660 2418 suam
688 2356 756 2418 tem
773 2351 929 2435 sciebam,
949 2348 1028 2437 quia
1048 2367 1183 2436 semper
1204 2368 1257 2416 me

130 2436 236 2521 maio,
259 2433 392 2507 diceus:
416 2436 585 2525 Megisten
600 2435 660 2506 ad·
687 2435 800 2538 audis²
833 2436 894 2505 sed
916 2443 1058 2524 propter
1080 2434 1253 2524 populum,

129 2530 152 2609 t,
176 2529 214 2594 et
232 2528 335 2594 vocat
354 2528 399 2593 te.
432 2523 496 2593 Illa
511 2530 549 2592 ut
564 2523 661 2593 audi·
711 2524 746 2593 ui
770 2527 976 2610 crrcdmstat,
1005 2522 1092 2592 dixi:
1123 2528 1162 2591 ut
1184 2532 1257 2592 ere-

129 2618 154 2697 t,
187 2611 301 2700 surgit
328 2611 410 2699 cito,
445 2615 481 2681 et
500 2611 596 2682 venit
618 2609 661 2680 ad
688 2546 780 2698 dant,
823 2612 879 2681 uia
894 2618 931 2680 tu
948 2631 1002 2681 me
1018 2610 1151 2681 misisti.
1174 2609 1258 2679 Haec

129 2721 181 2768 rm:
215 2694 364 2800 nondum
398 2698 495 2769 euim
520 2700 662 2769 venerat
688 2722 764 2771 cum
801 2634 965 2785 dixisset,
1012 2719 1093 2768 voce
1124 2719 1259 2798 ⁸mamma

129 2808 194 2855 sus
216 2808 254 2855 ιιι
276 2786 468 2856 castellum:
503 2787 563 2856 sed
587 2794 661 2856 erat
688 2788 861 2858 clamavit:
892 2787 1032 2872 Lazaro,
1056 2807 1133 2855 vem
1156 2784 1256 2854 foras

129 2873 199 2944 huc
222 2874 259 2943 iu
280 2873 340 2942 illo
359 2873 443 2959 loco,
467 2875 525 2944 uhi
544 2877 661 2945 oeeiu-
689 2875 735 2945 Et
759 2876 875 2945 statim
896 2873 1040 2962 prodiit,
1058 2874 1121 3030 gui
1145 2872 1258 2942 liierat

129 2969 184 3031 rat
206 2962 241 3031 ei
255 2961 406 3032 Martha.
442 2960 553 3031 Judaei
570 2983 660 3051 ergo,
687 2964 852 3044 mortuus,
870 2962 997 3049 ligatus
1013 2982 1056 3049 pe
1082 2981 1118 3029 es
1136 2968 1170 3030 et
1185 2981 1256 3029 ma-

129 3050 272 3119 deraut
294 3069 371 3118 cum
389 3069 428 3119 ea
445 3050 478 3118 iu
494 3049 603 3136 domo,
627 3057 662 3118 et
688 3073 751 3120 nus
787 3050 930 3136 institis,
967 3053 1002 3118 ot
1036 3047 1139 3118 socies
1169 3048 1258 3118 illius

129 3136 354 3206 usolabantur
382 3156 472 3223 eam,
507 3158 583 3207 cum
612 3137 661 3206 vi·
689 3138 827 3208 sudario
851 3142 924 3206 erat
945 3130 1060 3224 ligata.
1095 3135 1191 3204 Dixit
1210 3137 1258 3204 eis

129 3230 220 3293 ssent
235 3223 393 3311 Mariam,
410 3226 488 3314 quia
503 3225 570 3295 cito
586 3245 662 3292 sur-
690 3225 807 3295 Jesus:
839 3224 967 3294 solvite
991 3243 1077 3309 eum,
1102 3228 1137 3291 et
1158 3223 1258 3291 sinite

129 3312 193 3398 xit,
236 3317 273 3380 et
307 3311 407 3392 omit,
443 3313 551 3382 secuti
584 3317 662 3380 sunt
690 3314 796 3383 abire.
828 3311 929 3383 Multi
954 3331 991 3380 er
1015 3332 1035 3380 o
1058 3331 1099 3379 ex
1118 3307 1259 3396 ludaeis,

129 3420 172 3487 m,
196 3396 368 3468 diceutes:
394 3398 481 3486 Quia
501 3398 598 3469 vadit
619 3397 661 3468 ad
713 3401 747 3469 ui
778 3401 943 3470 venerant
973 3332 1017 3466 afi
1048 3398 1192 3467 Mariam
1225 3404 1260 3466 et

129 3487 360 3563 momentum.
394 3493 433 3556 ut
462 3487 575 3575 ploret
603 3486 661 3555 ibi.
729 3489 878 3572 omnam,
912 3491 947 3555 et
977 3483 1147 3573 viderant,
1184 3505 1258 3574 quae

129 3576 202 3643 an'a
217 3593 311 3661 ergo
332 3593 408 3643 cum
427 3575 587 3661 venisset,
605 3574 663 3643 uhi
690 3574 770 3645 lecit
803 3574 927 3659 Jesus‚
968 3572 1187 3643 erediderunt
1224 3573 1258 3640 in

129 3667 163 3730 nt
186 3659 306 3747 Jesus‚
327 3660 449 3731 videns
466 3682 552 3761 eum2
576 3662 662 3731 oeci·
690 3683 777 3732 eum.

129 3748 208 3817 tad
231 3746 337 3837 pedes
358 3749 442 3838 ejuS,
467 3756 502 3817 et
516 3748 599 3818 droit
614 3749 660 3817 ei:
711 3752 940 3821 (lffortorium.
974 3751 1027 3820 rs.
1055 3755 1104 3819 17.
1144 3746 1259 3846 Popu-

129 3836 253 3921 imisue,
284 3836 314 3905 si
341 3835 464 3906 fuisses
493 3836 565 3917 hic,
595 3857 662 3904 non
689 3837 759 3906 lum
793 3836 951 3905 humilem
983 3834 1111 3903 salvum
1145 3832 1259 3914 iteres,

129 3931 181 3992 set
221 3922 375 3993 mortuus
413 3922 521 3992 frater
557 3943 661 3992 meus.
690 3924 850 4010 deine‚
886 3929 921 3992 et
950 3922 1065 3991 deuios
1096 3921 1260 4007 superbo-

129 4031 194 4080 sus
219 4030 311 4100 ergo,
334 4019 373 4081 ut
396 4010 484 4080 vidit
500 4031 574 4080 eam
589 4011 663 4118 plo·
689 4033 764 4080 rum
781 4010 987 4080 humiliabis:
1013 4009 1168 4164 Ἓύιιίιιιιι
1186 4009 1261 4095 quis

129 4107 236 4185 ntem,
260 4103 295 4167 et
310 4096 460 4186 Judaeos,
484 4099 541 4188 qui
561 4118 663 4168 vene·
691 4099 785 4168 Deus
807 4105 934 4186 praetor
956 4104 1000 4182 te,
1058 4094 1190 4164 diurne?

129 4195 167 4254 ut
200 4205 357 4274 cumea,
387 4186 578 4275 plorantes,
614 4186 663 4254 in·
901 4186 1050 4256 Sol-reta.

129 4273 232 4342 duruit
266 4274 409 4362 spiritu,
444 4280 480 4343 et
513 4273 665 4343 turbavit
773 4271 890 4341 Unera
907 4292 979 4356 nos,
999 4269 1152 4338 Domine.
1169 4287 1260 4355 quae.-

129 4361 255 4460 ipsum‚
279 4367 314 4430 et
337 4360 437 4430 dixit:
460 4346 529 4431 Ubi
550 4361 664 4466 posui·
788 4381 917 4458 sumus
936 4358 1050 4457 ohldta
1065 4354 1261 4455 purilio-eut:

129 4469 155 4516 rs
171 4447 273 4517 eum?
301 4448 427 4519 Dicunt
443 4449 487 4518 ei:
513 4448 664 4531 Domine,
694 4455 728 4518 et
743 4455 778 4517 te
794 4448 891 4516 nohis
908 4448 1034 4531 iugiter
1050 4440 1176 4510 iterant
1189 4462 1263 4510 esso

129 4536 180 4616 mi,
206 4543 241 4605 et
263 4534 352 4605 tide.
391 4536 439 4605 Et
461 4536 666 4625 lacrymatus
693 4537 873 4625 placatum.
903 4518 974 4602 Per
993 4530 1182 4599 Dominum.

129 4621 278 4693 tJesus.
308 4623 481 4693 Dixeruut
503 4644 585 4714 ergo
601 4622 665 4693 Ju-
712 4629 798 4696 Aliae
815 4628 971 4716 Secreta,
996 4636 1035 4698 ut
1053 4627 1086 4694 in
1104 4623 1201 4692 Furia
1220 4623 1261 4690 ir.

129 4712 175 4782 ei:
212 4710 303 4781 Eece
326 4711 500 4806 'quomodo
525 4712 663 4780 amdhot
687 4715 859 4808 Cinerum,
885 4717 942 4791 l'ol.
971 4709 1024 4780 55.

230 4799 355 4855 Mikaale
368 4801 455 4856 Rom.
1106 4804 1132 4878 g
