3025 5400
174 549 217 616 20
431 549 464 609 ln
488 549 579 612 Festo
603 549 635 612 S.
658 550 805 635 Stephani
829 556 1075 640 Protomartyris.

172 689 255 783 tiam
278 708 383 759 suam.
413 688 578 777 Alleluia,
599 688 745 780 alleluja.
790 696 1020 769 (lffertorium.
1037 699 1158 770 Psssss.
1183 689 1255 769 Tui
1271 694 1352 759 sunt

166 772 205 851 b.
252 775 335 845 Dies
369 761 599 847 sanctificetus
634 776 747 848 illuxit
773 779 860 867 coeli,
884 785 919 850 et
936 783 996 849 tna
1017 783 1072 849 est
1093 784 1201 847 tenu:
1229 776 1350 847 orbem

170 863 284 934 nobis:
316 865 430 933 venite
453 868 583 953 gentes,
606 869 642 934 et
663 863 746 934 ado·
772 868 1000 954 temtrumet
1013 863 1262 954 plenitudinem
1275 864 1349 954 ejus

171 953 246 1021 rete
284 949 486 1051 Diminum:
529 952 608 1039 quia
644 951 746 1022 hodie
772 959 810 1024 tu
823 952 997 1029 ¹iundtsti:
1020 952 1229 1111 instituet
1254 950 1346 1040 judi-

171 1037 348 1109 descendrt
383 1040 442 1109 lux
479 1058 602 1127 magna
642 1059 747 1128 super
773 1041 862 1112 cium
885 1060 1020 1131 praepar
1042 1046 1090 1111 tro
1111 1037 1203 1110 sedis
1225 1042 1304 1109 tuae.

170 1131 307 1196 terram.
334 1126 492 1216 Alleluja.
981 1128 1130 1202 Secreta.

833 1214 955 1302 BItta,
995 1210 1160 1300 Demine,
1194 1214 1345 1299 munera,

166 1264 308 1337 Initium
343 1265 451 1335 sancti
478 1264 658 1353 Evangelii
690 1284 744 1336 so·
858 1323 946 1373 nova
979 1299 1154 1390 Uniggnffl
1179 1297 1231 1370 mi
1259 1298 1344 1369 mg.

239 1351 386 1422 cundum
409 1350 587 1423 'hannem‘
603 1389 630 1438 ⁰·
646 1373 673 1480 ¹¹·
772 1392 879 1463 vitate
922 1387 1112 1460 sanctifica:
1156 1404 1287 1477 nosque
1325 1404 1345 1456 a

164 1472 241 1717 RN
228 1473 424 1631 νιέιίιιοίρίο
440 1480 515 1545 erat
525 1472 688 1561 Verbum,
710 1478 745 1543 et
771 1477 989 1635 Beccaternm
1014 1473 1211 1546 nostrerum
1232 1474 1344 1545 mecu-

170 1670 188 1717 e

284 1561 383 1632 rbum
410 1569 484 1630 erat
510 1582 531 1631 a
555 1559 601 1630 ud
621 1561 743 1647 Deum,
786 1566 814 1635 ‘s
836 1563 991 1636 emunda.
1019 1562 1088 1633 Per
1103 1557 1262 1632 eumdem
1276 1556 1345 1631 De-

234 1648 328 1719 Deus
358 1655 432 1719 erat
460 1582 625 1718 Vardum.
669 1646 744 1717 Hoc
770 1652 908 1723 minum.
1285 1676 1288 1681 ·

169 1736 300 1806 eratin
323 1736 490 1825 princlpio
512 1756 533 1805 a
558 1734 604 1805 ud
621 1734 743 1805 Deum.
787 1733 958 1822 Praelatio,
984 1740 1019 1807 et
1038 1734 1344 1823 communicantes

169 1821 292 1893 Omnia
318 1843 382 1923 pen·
403 1823 514 1912 ipsum
532 1756 627 1893 lacta
649 1827 742 1922 sunt:
764 1828 804 1891 ut
826 1843 930 1909 supra
952 1824 986 1923 in
1033 1824 1119 1893 rima
1141 1823 1260 1922 Missa

169 1916 205 1978 et
226 1911 298 1980 sine
320 1931 395 1998 1pso
424 1907 551 1981 factum
574 1915 628 1980 est
649 1908 742 1997 mhrl,
787 1908 995 1980 Commumo.
1048 1932 1073 1981 s.
1087 1912 1137 1981 97.
1172 1906 1345 1981 Viderunt

169 1996 259 2084 qnod
272 1996 398 2067 factum
421 2004 483 2068 est.
512 1996 553 2067 In
574 1997 649 2086 ipso
672 1996 744 2066 vita
771 2017 887 2067 omnes
931 1995 1015 2066 fines
1055 2000 1159 2066 terrae
1197 1992 1345 2066 salutdre

169 2091 258 2171 erat,
287 2091 323 2154 et
350 2085 422 2154 vita
451 2091 526 2155 erat
551 2085 612 2154 lux
634 2083 743 2153 hemi·
770 2085 837 2154 Dei
855 2083 975 2154 nostri.
1013 2083 1299 2156 Postoommunio

167 2191 263 2239 num:
288 2178 323 2240 et
345 2172 402 2241 lux
423 2172 458 2241 in
474 2172 625 2242 tenebris
641 2170 741 2247 lucet,
828 2171 966 2257 Raesta,
1031 2190 1207 2241 uaesumus
1239 2166 1344 2241 omul-

168 2263 203 2325 et
229 2258 380 2328 tenebrae
403 2279 477 2328 eam
499 2280 566 2329 non
589 2279 742 2348 compre·
862 2264 984 2348 potens
1051 2278 1131 2329 eus:
1168 2260 1210 2327 ut
1244 2260 1344 2327 naun

168 2344 370 2415 henderumt.
405 2345 486 2416 Fuit
504 2346 604 2416 homo
619 2346 742 2415 missus
769 2346 871 2417 hedie
901 2345 1059 2416 Salvttor
1089 2342 1223 2431 mundi,
1259 2342 1346 2413 sicut

167 2451 186 2499 a
210 2431 284 2501 Deo
317 2433 371 2503 cui
393 2453 515 2504 nomen
539 2439 614 2503 erat
636 2431 742 2503 Jotn-
771 2433 893 2504 divinae
914 2434 1012 2505 nobis
1039 2430 1271 2522 generationis
1294 2432 1346 2500 est

167 2539 237 2587 nes.
262 2487 327 2590 llic
341 2521 436 2589 venit
451 2520 485 2589 in
500 2520 741 2608 testimenium,
769 2527 898 2610 auctor,
914 2521 963 2591 ita
975 2527 1011 2591 et
1023 2516 1291 2591 immortalitatis
1302 2514 1347 2619 sit

168 2613 206 2675 ut
226 2607 457 2679 testimenium
477 2608 677 2697 perhiberet
699 2608 741 2679 de
769 2609 844 2699 ipse
860 2609 1013 2697 largitor.
1040 2606 1105 2695 Qui
1119 2611 1234 2689 tecum
1250 2605 1346 2676 vivit

167 2693 310 2782 lumine,
344 2700 383 2765 nt
415 2715 530 2765 omnes
563 2696 744 2768 crederent
795 2733 1319 2784 *pm-...-

166 2802 229 2870 per
251 2782 356 2852 illum.
396 2782 474 2853 Non
497 2789 572 2853 erat
593 2783 650 2854 ille
672 2785 741 2872 lux,
984 2841 1015 2905 [u
1040 2840 1128 2906 mm

167 2869 229 2938 sed
246 2876 283 2937 ut
300 2870 531 2941 testimonium
544 2871 743 2960 perhiberet
1093 2923 1103 2945 .

167 2954 209 3025 de
243 2956 379 3026 limine.
436 2957 524 3027 Erat
556 2958 615 3028 lux
648 2978 740 3046 vera,
784 2925 828 3007 S·
859 2923 1108 3027 Stepham
1121 2932 1333 3008 ΡΓΟῖθῙῊὶἱΓῒ·

167 3062 242 3131 quae
267 3043 435 3113 illuminat
467 3065 601 3115 omnem
632 3044 741 3115 bemi-
788 3044 1328 3116 ⁸¹⁸110d8·8¹ul⁸¹¹¹=¹¹¹⁰·¹¹···¹¹⁰·

166 3149 243 3198 nem
267 3131 459 3200 venientem
479 3132 514 3200 in
535 3132 626 3203 hunc
643 3153 741 3203 mun-
939 3143 1065 3198 incanus.
1188 3141 1228 3197 rs.
1249 3141 1307 3198 rra

167 3215 256 3286 dum.
291 3217 330 3287 In
346 3218 471 3288 mundo
487 3224 571 3307 erat,
595 3224 631 3290 et
643 3240 740 3289 mun·
879 3217 1038 3289 Edemmt
1075 3216 1267 3307 principes,
1309 3220 1345 3286 et

167 3303 230 3373 dus
277 3325 316 3374 er
337 3305 449 3393 ipsum
471 3305 581 3376 factus
610 3312 679 3394 est,
705 3312 741 3377 et
899 3305 1079 3376 adversmn
1126 3323 1181 3374 me
1225 3303 1342 3392 loque·

165 3325 310 3462 mundus
334 3412 410 3462 oum
426 3414 492 3463 non
508 3394 674 3494 cognevit.
699 3393 739 3463 In
898 3393 1035 3464 bentur:
1070 3396 1107 3462 et
1127 3390 1236 3491 iniqui
1265 3409 1343 3480 per·

166 3478 304 3567 propria
323 3480 426 3568 venit,
450 3486 486 3551 et
507 3501 559 3550 sm
581 3501 658 3552 enm
673 3502 739 3551 non
767 3482 876 3552 secuti
909 3484 989 3550 sunt
1017 3499 1086 3549 me:
1123 3476 1252 3567 adjura
1277 3495 1341 3564 me,

166 3567 378 3655 receperunt.
425 3567 598 3656 Quotquot
626 3575 740 3639 autem
766 3568 910 3638 Demine
932 3567 1026 3637 Deus
1045 3585 1151 3653 meus,
1174 3565 1256 3667 quia
1270 3583 1341 3666 ser·

165 3673 242 3723 rece
268 3655 369 3723 erunt
391 3675 467 3724 eum
502 3653 598 3725 dedit
613 3656 662 3726 eis
702 3676 739 3725 o·
766 3676 829 3725 vus
854 3659 934 3724 tuus
960 3652 1186 3724 exercebitur
1217 3671 1253 3722 m
1273 3655 1341 3722 tun

165 3674 325 3840 testdlem
348 3740 438 3843 lilios
461 3710 644 3830 berneri,
672 3677 738 3843 dis,
762 3740 1070 3842 justificationibus.
1215 3825 1245 3841 ..

166 3848 223 3915 qm
246 3827 397 3898 ‘credunt
427 3851 460 3899 m
486 3830 621 3899 nemine
648 3848 738 3919 eJus:
786 3830 1004 3903 uslausein
1018 3824 1339 3902 nnmaculdtrmvia:

166 3915 303 4002 quinon
321 3917 607 4005 exsanguinibus,
629 3936 739 4005 neque
767 3916 824 4022 qni
848 3914 1023 4015 ambulant
1044 3915 1079 3984 in
1101 3913 1179 4003 lege
1193 3911 1340 3985 Demini

166 4021 208 4069 ex
231 4002 405 4072 voluntate
422 4004 543 4091 carnis,
566 4024 677 4091 neque
697 4025 739 4074 ex
765 4007 805 4086 b.
831 4001 950 4072 Glbna
969 4000 1075 4072 Patri.
1122 4005 1252 4076 Oratio.
1316 4084 1324 4100 ⁶

167 4088 338 4157 voluntate
373 4090 454 4179 uiri,
493 4089 554 4161 sed
588 4111 630 4161 ox
664 4090 739 4161 Deo
832 4088 987 4175 Ananis,
1011 4107 1205 4177 quaesumus
1227 4085 1341 4156 Demi-

165 4175 237 4244 nati
257 4182 348 4245 sunt.
372 4179 449 4264 (llic
473 4178 736 4268 germinabitur.)
842 4197 894 4261 ne,
918 4175 1054 4262 imitari,
1078 4172 1169 4275 quod
1189 4171 1341 4261 uelimus,

165 4261 212 4332 Et
242 4260 394 4333 Verbum
421 4283 499 4333 caro
523 4260 648 4334 factum
676 4269 739 4351 est,
766 4268 806 4332 ut
834 4262 1002 4333 discamus
1029 4268 1065 4332 et
1090 4261 1243 4331 mimicos
1265 4259 1342 4330 dille

166 4356 201 4417 et
223 4348 392 4418 liabitivit
420 4350 455 4417 in
482 4350 596 4421 nobis:
626 4356 662 4420 et
687 4353 739 4421 vi·
791 4370 866 4420 ere:
891 4350 970 4438 quia
988 4349 1061 4439 ejus
1082 4346 1239 4419 natalitia
1253 4346 1343 4418 cele-

166 4434 276 4536 dimus
316 4434 454 4536 leriam·
477 4437 565 4527 eJns,
596 4437 738 4526 gloriam
766 4373 915 4520 dromus,
946 4436 1003 4526 qui
1030 4437 1126 4505 novit
1153 4434 1257 4504 etiam
1280 4453 1343 4538 pro

166 4543 261 4610 quasi
284 4458 457 4610 [lingona
480 4545 500 4593 a
522 4524 644 4613 Patre,
666 4526 738 4613 ple·
766 4523 1042 4612 persecutoribus
1065 4523 1209 4593 exorere
1223 4521 1344 4594 der·

160 4610 386 4766 {umfredae
406 4616 441 4680 et
464 4612 629 4681 veritatis.
766 4633 845 4769 iffi
864 4616 1017 4769 nogtrum
1033 4608 1346 4784 &sufflsmm

179 4706 241 4768 ..re
267 4717 296 4765 o.
833 4719 895 4769 um
922 4720 1016 4768 uum.
1065 4719 1104 4767 m
1245 4717 1318 4770 vrri
