3025 5400
549 516 638 577 Ritus
663 517 832 579 celebrandi
856 520 991 579 Missam.

176 614 314 682 verentia,
331 614 440 673 accedit
450 614 488 672 od
503 614 626 673 medium
642 615 753 674 Altarls
780 618 963 688 prosequitur
979 615 1214 689 usqueadflnem.
1234 616 1307 677 cum
1319 616 1361 677 dl·

176 690 243 740 ante
254 681 382 742 intimum
398 684 525 755 gradum,
548 692 577 743 ct
594 684 635 743 ibi
653 686 754 769 incipit
781 687 997 759 citlrliliimmns
1013 700 1050 762 te,
1069 693 1183 767 Gratias
1200 691 1310 762 agimus
1325 690 1360 747 ti·

176 759 301 837 secreto:
313 756 540 831 munerantes,
556 763 588 814 ut
604 756 635 812 in
645 754 753 814 Ordine
782 759 823 830 bi,
839 764 868 814 et
887 761 955 818 lesu
974 762 1099 831 (llinis-te,
1123 764 1238 839 suscipe
1260 761 1294 817 de
1316 776 1359 816 rc

175 822 290 882 Missae.
781 833 919 913 certionem
944 839 1083 902 ramirum,
1105 832 1136 910 pi
1162 831 1270 910 lterum
1290 779 1359 889 sesa

177 909 238 981 IV.
275 914 325 984 lie
349 914 511 1001 Introitn,
538 916 646 1003 Kyme
672 917 753 986 elci·
780 900 1013 1021 ffi¹i¹ii⁰2fiffll¹lt
1029 894 1258 1006 0ffl⁰¹ff¹¹⁰¹l¹¹lft
1287 893 1356 955 ⁰⁰¹²

230 1023 300 1081 Son,
321 1010 356 1071 ei
369 1003 486 1073 (illaria
504 1005 537 1071 iu
550 1006 702 1074 excelsis
779 971 1058 1107 jssgffifrfflssffi
1070 971 1297 1109 Qffisgffiffi
1313 980 1356 1095 ff]

178 1108 202 1161 l.
271 1104 328 1163 Um
338 1102 422 1161 dicit:
445 1107 535 1165 :lni'er
553 1128 570 1165 a
587 1109 670 1167 nobis
689 1111 751 1175 eta,
779 1106 861 1163 terim
873 1104 1038 1164 absolvens:
1052 1111 1081 1167 in
1094 1110 1186 1181 gloria
1196 1110 1250 1167 Dei
1265 1106 1356 1165 Patris

298 1172 451 1231 Celebrans
481 1176 587 1245 jnnctis
621 1174 751 1233 manibus
781 1181 880 1238 dinen.

177 1244 304 1302 ascendit
326 1242 363 1300 ad
384 1242 507 1301 medinm
523 1245 639 1315 Altaria,
662 1254 692 1303 et
710 1245 751 1302 ibi
813 1248 838 1300 4.
858 1243 892 1300 In
910 1244 1000 1303 Missa
1016 1245 1135 1302 solemni
1155 1244 1295 1304 Sacerdos
1313 1244 1352 1303 ia-

177 1315 338 1384 inolinatus,
354 1312 538 1397 manibusque
559 1316 629 1399 item
644 1316 751 1399 iunctis
779 1318 830 1397 eta,
843 1312 1025 1398 Confessione
1040 1314 1167 1399 ascendit
1187 1331 1256 1400 cnm
1272 1316 1352 1374 mini·

176 1400 323 1538 susm
344 1384 658 1523 a
669 1402 751 1515 uti
779 1383 903 1442 “¹
922 1384 1352 1539 numismatum?

176 1542 262 1583 noris
274 1532 363 1597 partis
375 1523 497 1595 tabulae,
514 1541 564 1581 seu
576 1542 690 1583 mensae
700 1526 750 1583 Al·
778 1530 849 1606 tarr,
867 1531 949 1597 ponit
960 1541 1103 1584 incensum
1114 1543 1142 1583 rn
1154 1526 1350 1599 Thnnbulum,

176 1597 384 1666 taristangant,
400 1594 513 1652 residuo
528 1611 660 1653 manuum
675 1598 751 1654 inter
778 1595 959 1652 ministrante
980 1595 1107 1654 Diacono
1127 1597 1301 1668 naviculam,
1324 1604 1352 1657 et

176 1665 326 1749 Alteram⁸
336 1680 366 1722 se
377 1672 497 1749 retento,
513 1666 617 1760 pollice
633 1666 750 1750 deutero
778 1662 971 1748 Thurifersario
986 1665 1186 1736 Thuribulum;
1207 1666 1351 1725 Diaconns

176 1735 750 1879 {suiiummmltitaccias:
778 1735 1355 1874 uiuentiumtritissima

176 1884 232 1937 tur.
242 1893 305 1934 cum
314 1894 414 1934 manns
423 1878 536 1958 junctae
553 1893 585 1933 sn
606 1893 637 1934 er
649 1878 750 1936 Alatre
782 1885 877 1966 remla³
892 1881 921 1932 et
933 1875 1076 1958 osculatur
1093 1875 1231 1946 cochlear,
1248 1882 1277 1934 et
1293 1893 1351 1935 ms·

196 1946 342 2018 onnntur),
354 1954 463 2005 secreto
476 1945 558 2004 dicit:
584 1896 705 2002 iirarnns
726 1952 754 2003 ie
777 1960 844 2001 num
856 1942 1032 2003 celebrantis
1045 1953 1111 2003 aute
1123 1953 1151 2003 et
1167 1952 1240 2029 post
1271 1944 1350 2004 Cele-

176 1965 297 2076 Ylomine
319 2024 381 2086 etc,
398 2024 427 2075 et
445 2032 507 2074 cum
523 2015 603 2075 dicit:
627 2022 752 2087 tirrenum
777 2012 1068 2073 bransterincensnm
1080 2015 1350 2088 ponitm‘l'hnribu·

177 2091 313 2160 reliquiae
330 2090 376 2145 liic
395 2094 469 2151 sunt,
489 2087 633 2144 osculatur
648 2087 749 2145 Altare
777 2083 843 2155 lum,
858 2083 954 2142 dicens
968 2085 1099 2168 interim:
1123 2090 1169 2148 Ab
1181 2090 1356 2169 illabencdi·

175 2156 205 2212 in
216 2155 318 2225 medio,
335 2155 465 2213 manibus
484 2158 608 2215 extensis
624 2158 749 2230 aequali·
781 2154 1350 2229 cai-tecto..etdeposrtoeoclrleanprodu·

174 2232 220 2282 ter
235 2226 300 2282 hinc
315 2225 380 2283 inde
395 2242 528 2298 supereo
545 2228 658 2299 positis:
673 2228 749 2300 quod
776 2239 840 2280 cens
852 2241 936 2281 manu
947 2223 1064 2282 dextera
1076 2227 1184 2296 signum
1192 2224 1293 2283 Crucis
1304 2242 1349 2284 su·

174 2311 285 2368 semper
308 2303 451 2365 servatur,
474 2296 585 2368 quando
605 2298 749 2355 osculatur
795 2294 1349 2364 erthusinThnribulo,illudbenedicit.

175 2365 276 2422 altare
298 2364 347 2422 sed
366 2372 420 2424 >ost
431 2369 671 2425 consecrationem
687 2368 748 2440 pol-
776 2311 878 2446 iiostea
903 2364 1045 2423 Diaconus
1070 2364 1184 2423 dimissa
1209 2366 1349 2437 navicula,

174 2434 242 2493 lices
257 2410 293 2518 air
311 2385 450 2518 indicibus
465 2450 522 2494 non
540 2436 747 2521 disiunguntur.
775 2436 878 2516 accipit
889 2433 1083 2517 Thuribulum,
1095 2443 1125 2493 et
1135 2434 1184 2493 dat
1197 2434 1349 2493 Celebran-

175 2504 208 2561 In
219 2521 295 2562 omm
307 2512 392 2563 etiam
403 2505 613 2564 deosculatione
625 2523 684 2564 sne
697 2508 748 2564 m-
775 2511 807 2573 n,
822 2505 948 2562 osculata
969 2521 1048 2576 prins
1063 2506 1257 2562 catenularum
1273 2522 1349 2563 sum·

174 2575 253 2641 toris,
265 2577 325 2633 sive
336 2575 412 2647 libri,
424 2577 609 2635 sivealtcrius
620 2578 671 2646 rei,
690 2594 746 2635 non
775 2574 882 2643 nitate,
904 2581 932 2632 ct
947 2591 1032 2631 nianu
1052 2575 1129 2632 illius
1146 2574 1278 2633 dextera:
1300 2575 1349 2649 qui

174 2644 341 2717 producitur
351 2648 375 2705 si
415 2663 461 2704 nm
470 2646 568 2705 Crucis
578 2647 689 2719 pollice,
702 2648 746 2705 vel
775 2641 849 2702 facta
860 2643 944 2702 Cruci
956 2640 1097 2717 profunda
1107 2645 1275 2716 reverentia,
1287 2659 1349 2704 eam

167 2731 259 2782 ,manu
268 2732 354 2789 snper
364 2663 413 2774 ign
426 2716 483 2775 uod
498 2716 681 2775 osculandum
695 2725 746 2775 est.
775 2721 820 2771 ter
839 2716 979 2785 incensat,
1001 2716 1072 2771 nilm
1092 2715 1202 2773 dicens:
1225 2720 1255 2773 et
1275 2711 1351 2774 iacta

209 2788 234 2843 2.
253 2735 487 2845 Osculatoriitari
496 2787 604 2846 accedit
613 2786 747 2845 adcornn
774 2785 878 2842 iterum
889 2784 972 2841 Cruci
984 2787 1151 2869 reverentia
1163 2786 1292 2844 incensat
1299 2785 1350 2870 Δὶς

174 2857 234 2926 cJus
246 2858 400 2926 sinistrum,
419 2856 449 2914 id
464 2865 507 2915 est
518 2857 680 2929 Epistolae:
698 2857 746 2914 ubi
775 2863 844 2923 tare,
861 2854 1019 2912 terdecens
1032 2854 1220 2912 ‘lliunbnlnm
1236 2855 1350 2928 aequali

174 2933 252 2984 stans
270 2943 367 2984 versus
380 2928 494 2998 Altarc,
511 2934 540 2985 et
556 2927 714 2999 producens
730 2944 747 2984 a
774 2923 917 2988 distantia.
930 2931 1015 2996 prout
1025 2924 1235 2983 distflbtmntur
1248 2924 1350 2984 mude-

174 2992 267 3054 fronte
284 2996 320 3053 ad
334 3004 430 3079 peonis
449 2999 560 3068 signum
577 2997 675 3055 Crucis
705 2999 747 3055 in·
776 2993 864 3062 labra,
884 2994 1007 3052 amedio
1026 2995 1086 3065 ejus
1103 2994 1244 3067 usquead
1261 3011 1350 3053 comn

173 3067 243 3137 cipit
253 3066 427 3136 intelligibili
439 3084 505 3124 voce
515 3067 688 3125 lntroitumr
711 3070 747 3126 is·
774 3064 935 3136 Epistolae:
957 3064 1005 3121 ubi
1017 3063 1137 3122 demissa
1146 3081 1239 3136 manu,
1258 3065 1350 3124 thuri·

173 3150 229 3198 sae,
252 3143 279 3193 ct
295 3138 476 3260 proscpuitur
487 3139 595 3209 junctis
610 3137 746 3195 manibus.
775 3133 840 3192 licat
859 3135 936 3192 illius
958 3140 1129 3206 postremam
1146 3141 1259 3207 partem
1279 3133 1350 3193 infe·

174 3204 340 3263 Cnmdicrt:
355 3209 377 3258 u
393 3207 455 3262 oria
471 3208 557 3276 lutri,
574 3209 747 3278 tenensjnn-
775 3207 887 3270 liorem,
906 3220 972 3261 mox
992 3207 1175 3276 superiorem,
1199 3205 1243 3262 bis
1263 3204 1349 3264 ducto

174 3281 233 3332 ctas
260 3293 371 3345 manus,
398 3283 482 3348 caput
508 3277 627 3334 inclinat
649 3294 746 3336 versus
773 3273 943 3332 'l'huribulot
966 3281 994 3331 et
1016 3291 1168 3332 conversus
1184 3275 1222 3332 ad
1239 3275 1348 3345 Aliana

174 3344 300 3403 Crucem.
321 3345 391 3402 Cum
403 3347 506 3418 repetit
517 3347 678 3415 Introitnm,
688 3364 746 3404 non
774 3344 887 3401 elevans
904 3361 1017 3401 mnum
1034 3346 1162 3403 incensat
1176 3346 1238 3416 ejus
1257 3346 1349 3418 plani·

174 3416 267 3496 signat
280 3431 309 3472 se
322 3423 353 3472 ut
364 3416 451 3487 parius,
462 3423 490 3472 et
502 3433 535 3473 eo
547 3417 677 3487 repetito,
682 3419 746 3488 jun·
774 3415 850 3482 tiem,
861 3432 910 3471 scu
921 3431 1045 3471 mensam
1060 3416 1088 3472 in
1106 3422 1187 3487 parte
1200 3415 1348 3482 anteriori,

174 3491 228 3541 ctis
239 3484 368 3541 narribns
380 3494 446 3543 ante
474 3494 569 3555 remus,
586 3487 693 3544 accedit
710 3487 747 3544 ad
774 3491 818 3542 ter
830 3484 933 3541 ducens
944 3483 1130 3542 Thuribulnm
1143 3500 1231 3557 usque
1243 3484 1281 3542 ad
1292 3499 1349 3542 me·

173 3552 424 3622 medinmAltaris
440 3503 489 3610 uin
505 3562 583 3612 stans
599 3572 697 3613 sersus
714 3556 746 3613 il·
774 3553 863 3611 dium:
893 3553 942 3611 ubi
970 3553 1044 3612 facta
1070 3554 1154 3612 Cruci
1178 3556 1348 3618 reverentia.

174 3620 222 3679 lud
242 3624 373 3681 similiter
393 3623 523 3682 manibus
541 3626 656 3696 junctis,
678 3625 745 3683 dicit
774 3623 952 3696 procedendo
963 3623 1109 3683 thurificat
1118 3624 1198 3683 aliud
1213 3624 1288 3683 latus
1298 3625 1348 3682 ul·

174 3691 272 3749 eadem
294 3709 362 3751 voce
384 3700 428 3751 ter
450 3694 540 3776 liprie
564 3695 671 3750 eleison
685 3703 746 3762 ,ter
774 3696 844 3767 taris
863 3695 971 3776 triplici
989 3694 1075 3753 ductu
1091 3710 1179 3766 usque
1198 3693 1236 3752 ad
1259 3710 1349 3753 cornu

179 3761 292 3817 (flii-iste
309 3762 423 3833 eleison,
435 3769 463 3819 et
480 3771 583 3820 iterum
598 3770 643 3820 icr
665 3765 754 3834 liiiio
775 3763 937 3834 Evangelii:
957 3771 985 3821 et
995 3766 1103 3837 pariter
1117 3766 1263 3822 insensata
1278 3762 1350 3822 inie-

178 3833 283 3886 cleieon
294 3831 457 3889 alternatim
474 3849 535 3890 cum
551 3835 690 3891 ministro.
716 3834 746 3892 Si
773 3834 844 3890 riori
856 3842 884 3891 ct
896 3834 1036 3905 superiori
1093 3842 1138 3892 rte
1154 3835 1244 3907 ipsius
1259 3851 1350 3892 cornu

173 3900 310 3970 minister,
317 3903 361 3957 vel
373 3903 745 3974 quiint.crsnnt,('.elebranti
773 3903 923 3974 Evangelii
934 3902 1039 3975 duplici
1071 3912 1145 3974 nctu,
1163 3903 1256 3962 adhuc
1271 3911 1350 3963 stans

173 3986 229 4052 non
252 3972 449 4042 respondeant,
473 3974 533 4044 ipse
552 3974 628 4030 solus
648 3976 746 4031 novies
773 3972 886 4043 ibidem,
898 3973 1197 4046 elesctThnribdlum,
1213 3975 1350 4032 etterin-

173 4038 250 4096 droit.
774 4051 870 4100 censat.
896 4044 1070 4115 superiorem
1098 4045 1213 4103 tabulae
1322 4061 1350 4102 m

209 4111 234 4165 3.
252 4109 446 4167 liictoultimo
469 4111 556 4180 limi·
573 4113 746 4174 citiarum·
774 4129 871 4170 versus
893 4112 1016 4171 medium
1034 4115 1157 4182 Altaria,
1179 4122 1211 4172 ut
1241 4115 1298 4173 ecit
1320 4115 1351 4172 in

174 4177 273 4235 cordos
284 4185 361 4236 stans
374 4181 401 4237 in
413 4179 505 4238 medio
515 4180 623 4239 Altaria
643 4188 672 4239 et
688 4200 746 4240 ma·
773 4199 861 4239 oomn
882 4183 1043 4254 Epistolae:
1068 4183 1169 4242 deinde
1190 4201 1276 4241 manu
1297 4184 1351 4242 ali·

174 4265 227 4304 nus
243 4248 405 4316 extendens,
422 4250 590 4320 elevansque
606 4267 693 4322 nsque
710 4255 746 4310 ad
774 4251 1073 4324 qtrantulumdcmissa,
1084 4255 1213 4313 incensat
1224 4255 1351 4312 anterio·

173 4317 304 4374 hunreros
317 4318 404 4442 Spuod
415 4320 444 4375 in
460 4320 536 4377 omni
550 4337 681 4378 rnannum
692 4323 746 4380 cle·
773 4339 833 4378 rein
842 4323 903 4378 e‘us
912 4329 1030 4393 partem,
1041 4341 1090 4381 seu
1099 4323 1230 4386 frontem.
1242 4331 1288 4383 ter
1299 4322 1351 4381 du·

173 4388 287 4468 vatione
305 4407 322 4468 a
343 4389 494 4454 servatur),
516 4405 584 4461 voce
600 4390 746 4468 praedicta
773 4340 1351 4467 cenlehnribnlumdumproceditacor·

174 4456 282 4534 incipit,
292 4475 314 4514 si
329 4457 477 4514 dicendum
488 4460 534 4526 sit,
555 4458 652 4513 ttlorm
666 4459 693 4513 in
707 4479 754 4515 ex-
773 4479 811 4518 nu
823 4462 973 4531 Evangelii
985 4464 1118 4534 usquead
1132 4465 1256 4522 medium
1269 4465 1351 4522 Ala·

179 4525 269 4581 celsis.
289 4525 358 4583 Cum
369 4527 438 4584 dicit
479 4527 544 4580 lna.
551 4529 672 4598 jungens
688 4547 746 4587 nia·
773 4533 821 4596 ris,
838 4538 867 4588 ct
884 4529 959 4589 facta
976 4533 1058 4589 Cruci
1077 4537 1238 4593 reverentia
1252 4536 1351 4593 iucen-

174 4610 235 4664 nns,
247 4602 332 4675 caput
340 4596 424 4654 Cruci
437 4597 566 4654 inclinat:
578 4615 633 4670 quo
643 4608 745 4670 erecto,
773 4608 816 4658 sat
833 4601 965 4658 similiter
982 4602 1089 4675 triplici
1107 4603 1195 4663 ductu
1210 4606 1352 4678 reliquam

161 4667 248 4719 stans
260 4666 374 4732 Junetr's
392 4667 525 4725 manilius
544 4675 612 4726 ante
640 4675 747 4742 pectus,
774 4677 884 4744 partem
903 4673 1075 4730 anteriorem
1098 4674 1242 4745 usquead
1260 4692 1352 4734 cornu

764 4817 788 4852 iti
