3025 5400
552 518 740 598 Prnparatio
764 519 802 579 ad
825 518 960 580 Missam.

167 618 291 690 accedo
314 619 358 689 ad
377 619 499 691 Altare
519 624 626 705 tuum,
657 622 738 693 licet
765 622 808 691 de
831 640 934 692 carne
951 629 1085 710 nostra,
1113 629 1150 693 et
1172 622 1339 695 danobis

166 708 336 795 peccator,
359 713 398 776 ut
420 706 560 778 afferam
585 708 650 779 tibi
675 708 736 779 Sa·
765 730 824 780 cor
853 711 1024 797 carneum,
1076 710 1144 781 uod
1174 716 1210 781 te
1237 718 1339 799 amet,

167 793 343 878 orificium,
374 794 465 882 quod
484 801 521 863 tu
547 796 737 883 immutati,
764 803 800 866 te
831 794 960 885 diligat
996 804 1031 866 te
1052 731 1257 868 (delectetur
1304 804 1340 868 te

167 886 202 951 et
224 881 340 951 offerri
363 883 557 970 praecepisti
585 883 620 952 iu
647 903 737 955 com·
766 886 941 972 sequatur,
957 890 993 953 te
1007 883 1217 972 perfruatur.
1251 853 1340 957 (lra-

167 969 444 1038 mcmoratianem
467 969 516 1038 tui
547 990 610 1058 pro
628 971 737 1040 salute
765 970 1337 1057 musDamineclementiamtuum,

166 1062 293 1124 nostra.
329 1055 469 1143 Sascipe
492 1024 587 1144 iliud,
611 1078 737 1157 quaeso,
766 1064 805 1126 ut
817 1059 937 1157 sereno
950 1026 1048 1158 vultu
1060 1057 1222 1129 familiam
1234 1066 1340 1146 1111111,

167 1163 296 1210 summe
333 1143 442 1229 Deus,
481 1163 544 1231 pro
583 1143 740 1214 Ecclesia
767 1165 854 1215 socri
878 1146 927 1214 tui
951 1146 1095 1215 nammis
1118 1146 1232 1217 officia
1251 1166 1340 1235 prae·

167 1236 362 1314 sanciatus,
378 1236 413 1298 et
426 1250 487 1317 pro
500 1231 626 1319 papulo
639 1252 739 1320 quem
767 1232 950 1301 stolautem
981 1231 1157 1320 adspicere
1173 1233 1340 1323 digneris:

167 1317 377 1472 accssuisivisti
394 1316 565 1405 Sanguine
588 1325 657 1387 tuo.
692 1319 740 1388 Et
768 1325 803 1388 et
828 1324 867 1387 ut
892 1286 1017 1388 nullius
1043 1320 1088 1388 sit
1115 1322 1253 1390 irritum
1279 1342 1342 1392 vo·

168 1424 212 1491 qu
236 1425 326 1472 mam
344 1424 398 1472 me
417 1405 630 1491 peccatorem
650 1407 740 1475 inter
767 1413 849 1494 tum,
875 1406 1000 1475 nullius
1020 1409 1129 1477 vacua
1142 1408 1340 1496 postulatio,

166 1496 202 1560 te
226 1496 260 1559 et
284 1490 440 1559 eamdem
464 1492 627 1580 papulum
642 1499 738 1562 tuum
767 1500 805 1562 tu
825 1493 924 1563 uobis
948 1513 1067 1580 preces
1082 1496 1239 1583 suggere,
1257 1515 1342 1585 quas

167 1577 314 1646 medium
340 1597 414 1646 esse
437 1579 586 1666 voluisti,
609 1580 690 1649 licet
705 1581 739 1648 in
767 1582 841 1668 ipse
865 1601 928 1668 pro
953 1580 1035 1649 itius
1059 1581 1188 1669 audire,
1217 1587 1255 1652 et
1282 1602 1342 1651 ex·

167 1685 220 1734 me
243 1664 382 1754 aliquod
406 1665 483 1735 boui
508 1667 622 1753 operis
643 1667 739 1736 testi·
768 1666 887 1737 audire
936 1667 1103 1738 electanis.

167 1752 315 1821 monium
329 1773 396 1822 nou
409 1752 581 1842 agninas,
592 1752 739 1824 odicium
939 1784 1041 1854 peria
1061 1783 1165 1853 Sem

168 1840 287 1909 saltem
312 1838 576 1928 dispensatianis
600 1840 740 1910 creditae
1106 1843 1113 1852 ⁴
1168 1839 1174 1853 '

167 1947 233 1996 non
257 1930 405 2013 recusos,
435 1947 499 1998 nec
525 1947 588 2015 per
610 1948 664 1997 me
687 1929 739 1996 iu·
837 1926 987 2016 Ogamus
1003 1925 1107 1995 etiam
1130 1931 1175 2013 te,
1193 1925 1343 1995 Damine

168 2011 307 2112 dignum
330 2014 446 2083 earum
476 2013 595 2115 salutis
618 2016 740 2121 pereat
789 2102 824 2121 ,.
850 2020 966 2084 sancte
987 2012 1110 2168 Pater15
1127 2019 1163 2082 et
1184 2032 1249 2100 pro
1272 2013 1341 2101 spi-

167 2100 334 2288 stillas,
351 2102 574 2275 allolldd
596 2108 740 2289 lille
767 2100 1081 2288 satalites,
1091 2098 1341 2287 ,1111113111

167 2272 368 2362 redemptro.
437 2274 580 2344 Praiero
626 2278 739 2362 etiam,
769 2275 872 2362 dium,
892 2281 927 2344 et
941 2273 1169 2362 reingerium,
1185 2273 1252 2344 hoc
1269 2294 1340 2342 ma·

167 2361 312 2430 Damine
339 2361 381 2446 (si
403 2360 554 2450 digneris
570 2383 632 2450 pro
659 2363 740 2432 itius
792 2383 872 2431 mun
901 2362 1039 2450 pietatis
1073 2359 1339 2431 Sacramentum.

167 2448 316 2535 intueri),
329 2449 566 2519 tribulationes
580 2384 739 2538 pelium,
768 2385 911 2549 flamine
934 2449 1029 2518 Deus
1055 2468 1161 2534 meus,
1196 2447 1243 2516 sit
1272 2447 1340 2517 illis

168 2536 320 2623 pericula
342 2536 557 2636 popularum,
587 2538 739 2625 captiva·
768 2536 869 2605 hadre
882 2556 1052 2625 magnum,
1063 2542 1099 2605 et
1110 2534 1248 2622 plenum
1261 2556 1339 2606 con-

167 2643 243 2691 rum
267 2625 424 2711 gemitus,
444 2625 599 2693 miserias
614 2625 739 2714 orpha·
768 2624 895 2693 rivium
916 2622 959 2692 de
981 2630 1017 2692 te
1047 2642 1134 2711 pane
1164 2621 1254 2704 vivo,
1279 2622 1341 2779 ἓξ

167 2710 299 2799 irarum,
335 2713 555 2782 necessitates
586 2714 739 2801 peregri·
769 2710 810 2780 de
841 2711 925 2782 coelo
960 2709 1176 2793 descendisti,
1208 2714 1245 2779 et

167 2798 298 2884 narum,
318 2798 467 2885 inapiam
491 2799 663 2887 debilium,
680 2799 740 2869 de·
767 2799 872 2868 vitam
900 2796 1041 2884 mundo,
1076 2795 1118 2866 de
1153 2802 1212 2865 tua
1238 2817 1340 2867 carrae

167 2885 739 3043 llelll{lillfflilelllllall?
768 2883 1154 3043 1111111111
1173 2883 1341 3041 ‘isla

166 3081 261 3146 num,
283 3065 363 3128 vota
386 2994 569 3149 vi’rgiuuffi,
592 2996 740 3131 talenta
768 3062 910 3147 peccata
926 3057 1055 3159 muudi,
1073 3024 1149 3145 quae
1165 2991 1208 3126 de
1223 3066 1340 3158 sancto

167 3145 356 3242 viduarum:
396 3224 401 3237 ¹
506 3224 512 3237 ³
768 3153 804 3215 et
870 3146 995 3215 lonaso
1037 3145 1147 3214 beatae
1185 3143 1340 3233 Virginis

324 3223 427 3293 lenm
451 3227 585 3311 (1111111.
768 3234 890 3303 Manae
910 3235 1011 3301 utero
1027 3238 1080 3300 est
1094 3234 1282 3319 assumpta,
1306 3237 1340 3302 et

171 3313 257 3480 TU
274 3320 363 3389 enim
382 3320 557 3389 misereris
579 3321 738 3421 amnium²
767 3318 810 3390 de
842 3319 972 3409 Spiritu
1007 3324 1123 3389 sancto
1157 3320 1338 3408 concepta:

243 3407 402 3476 Damine:
445 3414 479 3475 et
514 3408 597 3476 1111111
635 3408 738 3477 odisti
767 3428 806 3477 ac
829 3407 870 3477 de
894 3407 951 3475 illo
984 3406 1123 3494 pietatis
1146 3404 1250 3493 fonte,
1281 3406 1338 3495 qui

167 3494 284 3563 earum
301 3492 508 3593 quaefecisti.
543 3496 738 3564 Memorare
766 3515 829 3582 per
863 3494 1015 3594 lanceam
1049 3493 1168 3562 militis
1202 3512 1245 3562 ex
1279 3499 1338 3595 tuo

167 3601 242 3670 quae
287 3587 331 3649 sit
371 3588 490 3649 nostra
527 3581 736 3652 substantia:
766 3584 995 3651 sacratissrmo
1018 3580 1128 3650 latere
1152 3583 1337 3650 emanant:

167 3669 247 3756 quia
269 3675 306 3736 tu
322 3667 427 3737 Pater
449 3672 566 3737 noster
588 3690 634 3753 es,
658 3670 738 3758 quia
766 3678 805 3738 ut
839 3668 961 3738 exinde
993 3666 1113 3737 reiecti
1144 3674 1179 3736 et
1211 3667 1337 3755 satiati,

166 3761 204 3823 tu
227 3755 321 3824 Deus
344 3760 461 3823 noster
484 3774 530 3842 es
547 3776 589 3824 ue
611 3757 737 3826 irasca·
765 3753 961 3844 refrigerati
991 3760 1026 3824 ct
1053 3753 1217 3826 consolati
1240 3755 1337 3825 exul·

165 3844 214 3911 ris
235 3843 328 3929 satis,
353 3861 462 3930 neque
485 3841 737 3912 multitudinem
765 3848 839 3912 tent
867 3845 900 3911 in
928 3841 1029 3911 laude
1058 3849 1093 3912 et
1125 3841 1234 3930 glarie
1268 3848 1337 3912 tua

166 3932 334 4000 viscerum
367 3930 503 3998 tuarum
539 3950 641 4017 super
675 3951 737 3999 uos
765 3929 850 3999 Peto
883 3929 1095 3999 clementiam
1126 3935 1231 4015 tuam,
1266 3928 1334 3998 Da

166 4019 349 4087 contineas.
400 4016 477 4085 Non
508 4017 596 4085 enim
621 4018 655 4085 in
679 4018 736 4105 Ju·
765 4018 864 4102 mine,
888 4022 927 4085 ut
946 4015 1129 4086 descendat
1152 4036 1255 4103 super
1275 4037 1336 4106 pa·

166 4102 426 4174 stificationibus
441 4104 567 4172 nostris
584 4106 737 4191 proster·
765 4124 842 4172 nem
863 4104 926 4173 tibi
950 4101 1208 4173 sacrificandum
1227 4102 1336 4192 pleni·

165 4192 274 4260 nimus
283 4189 618 4278 precesanteiaciem
631 4196 736 4278 tuam,
764 4188 1335 4275 tadotuacbenedictiauisetsau-

166 4278 272 4347 sedin
286 4277 736 4347 miseratianibustuismul-
764 4277 924 4347 ctificatio
946 4285 1014 4345 tuae
1034 4275 1235 4346 divinitatis.
1266 4277 1336 4347 De·

165 4366 219 4434 tis.
255 4364 363 4436 Aufer
385 4385 405 4432 a
425 4365 522 4434 nobis
538 4365 736 4452 iniquitates
764 4363 905 4434 scendet
936 4365 1049 4446 etiam,
1073 4362 1239 4451 Damiue,
1277 4364 1337 4434 illa

164 4460 313 4522 nostras:
339 4458 373 4520 et
395 4451 509 4537 ignem
535 4452 643 4521 sancti
659 4452 735 4539 Spi·
764 4452 871 4521 sancti
895 4450 1042 4538 Spiritus
1065 4451 1117 4519 tui
1143 4450 1337 4539 invisibilis,

164 4540 251 4609 ritus
273 4541 308 4608 in
335 4538 432 4608 nobis
460 4537 646 4608 clementer
680 4559 735 4609 ac·
763 4537 1182 4638 incomprehensibilisque
1229 4539 1337 4628 maje-

165 4626 280 4697 cende.
331 4624 441 4696 Aufer
474 4647 533 4694 cor
563 4625 736 4715 lapideum
763 4633 843 4713 stas
861 4631 949 4695 sicut
967 4623 1135 4714 quondam
1151 4626 1336 4715 inpatrum

748 4745 772 4782 'iu
