3025 5400
1212 963 1940 1048 IGNATIUS

526 1128 747 1189 DIVIN
752 1130 803 1188 A
835 1128 1371 1189 MISERATIONE
1407 1128 1509 1187 ET
1546 1127 1766 1189 SEDIS
1801 1127 2302 1189 APOSTOLICAE
2337 1129 2631 1191 GRATIA

1010 1244 1454 1313 EPlscol‘lJS
1507 1242 2152 1311 RATISBoNENSlS

428 1391 693 1434 olmums
720 1393 837 1434 HAS
862 1392 1160 1434 LITTERAS
1193 1391 1426 1434 vlsmus
1452 1390 1734 1433 sanum
1762 1393 1843 1434 m·
1871 1393 2366 1435 Bmmmcnormu
2396 1395 2438 1434 A
2468 1394 2720 1436 Domo,

679 1615 767 1780 ’,ἓν
787 1702 937 1763 num
953 1702 1191 1762 Roman.
1210 1700 1554 1760 Pontificum
1592 1699 2035 1761 GLEMENTIS
2054 1699 2741 1773 vn1.‚URBAN1vm.

422 1832 460 1860 f,
530 1796 562 1867 j*
627 1808 640 1868 ‘.
691 1791 771 1870 -Js-ss:
822 1791 1177 1862 aliorumque
1230 1787 1475 1847 decretis
1529 1795 1754 1847 cautum
1807 1789 1883 1846 sit
1903 1832 1918 1859 ‚
1971 1803 2044 1845 ne
2095 1804 2131 1844 a
2186 1789 2554 1862 typographis
2602 1789 2747 1850 Mis-

402 1872 434 1903 '¹
609 1860 731 1955 32432'3'*
821 1878 940 1937 sale
985 1877 1302 1935 Romanum
1347 1877 1407 1933 in
1455 1876 1636 1934 lucem
1684 1875 1914 1946 edatur,
1969 1876 2105 1947 quin
2151 1874 2222 1934 de
2265 1874 2518 1950 perfecta
2558 1893 2746 1936 novae

433 1948 506 2013 1³*
546 1972 582 2041 .ss
595 1980 627 1998 ⁴*
667 2025 703 2045 .⁴
733 1960 759 1977 “““
822 1964 1086 2024 editionis
1133 1963 1438 2023 concordia
1484 1979 1612 2021 cum
1657 1963 1981 2037 archetypis
2017 1963 2289 2022 Romanis
2324 1963 2744 2037 exemplaribus

527 2195 541 2216 „
566 2141 837 2213 requisita
871 2146 930 2199 et
964 2137 1198 2197 obtenta
1233 2137 1431 2197 fuerit:
1460 2138 1583 2196 Nos
1601 2137 1674 2194 ad
1693 2135 2225 2197 dilectifiliiNostri
2243 2138 2524 2197 Riderici
2543 2139 2745 2199 Pustet

430 2265 482 2305 ..J
510 2254 514 2261 ·
570 2226 996 2289 Hatishonensis
1032 2225 1376 2300 typographi
1411 2232 1469 2284 et
1505 2222 1851 2299 bibliopolae
1886 2241 2082 2298 preces
2117 2224 2257 2283 duos
2277 2224 2610 2285 Sacerdotes
2646 2225 2743 2286 de-

419 2366 440 2373 „.
498 2317 819 2391 putavimus
834 2357 850 2386 ,
897 2315 995 2385 qui
1040 2313 1297 2386 diligenti
1347 2314 1604 2371 examine
1638 2313 1902 2373 instituto
1937 2328 2118 2371 novae
2151 2312 2318 2385 huJus
2364 2312 2629 2372 editionis
2664 2312 2743 2372 ab

396 2400 594 2461 eodem
615 2399 914 2459 Riderico
942 2399 1142 2459 Pustet
1176 2401 1237 2457 in
1275 2398 1526 2457 manuali
1563 2396 1747 2458 forma
1783 2407 2091 2458 exornatae
2125 2399 2525 2473 magnitatem,
2561 2403 2743 2461 omni-

399 2487 735 2561 modamque
768 2504 895 2545 cum
944 2487 1287 2547 authenticis
1332 2486 1607 2545 Romanis
1655 2486 2070 2559 exemplaribus
2117 2489 2544 2547 consonantiam
2589 2507 2742 2549 com-

398 2573 725 2649 probarent.

538 2729 917 2805 Quamobrem
953 2749 1125 2806 quum
1161 2749 1230 2791 ex
1265 2730 1495 2792 illorum
1532 2730 1898 2791 Sacerdotum
1931 2732 2257 2790 testimonio
2293 2730 2364 2790 de
2400 2732 2506 2790 hac
2540 2748 2741 2794 conso·

391 2820 599 2880 nantia
632 2820 776 2879 certi
813 2818 950 2879 facti
984 2821 1174 2891 simus,
1214 2836 1496 2893 quumque
1529 2820 1605 2879 ab
1642 2819 1839 2878 iisdem
1875 2819 2118 2877 relatum
2151 2819 2335 2878 Nobis
2370 2821 2461 2891 sit„
2497 2820 2741 2880 additio-

397 2922 498 2966 nes
534 2913 593 2966 et
626 2908 1010 2966 correctiones
1044 2924 1081 2966 a
1116 2907 1171 2966 S.
1206 2907 1442 2966 Rituum
1478 2907 1926 2980 Congregatione
1959 2905 2013 2963 d.
2050 2907 2136 2964 25.
2157 2905 2310 2981 Sept.
2345 2910 2495 2966 1860.
2531 2926 2739 2982 propo-

395 2994 554 3066 sitas,
603 2999 663 3053 et
699 3010 736 3052 a
772 2993 869 3053 SS.
906 2994 975 3053 D.
1010 2995 1082 3054 N.
1118 2993 1246 3052 1²10
1284 2993 1387 3051 IX.
1423 2994 1536 3053 ΡΡ.
1572 2993 1626 3052 d.
1662 2996 1748 3051 27.
1785 2992 1937 3067 Sept.
1981 2995 2119 3052 1860
2152 3000 2210 3052 et
2248 2997 2329 3052 12.
2364 2994 2541 3054 Mart.
2586 2999 2737 3055 1861.

398 3078 550 3142 Urbi
586 3087 645 3140 et
679 3080 821 3141 Orbi
859 3082 1258 3156 praescriptas,
1302 3082 1362 3138 in
1398 3098 1549 3140 nova
1583 3082 1695 3140 ista
1729 3080 1976 3140 editione
2012 3082 2132 3139 sive
2167 3081 2278 3140 rite
2313 3083 2582 3154 insertas,
2618 3083 2740 3142 sive

394 3173 622 3226 notatas
659 3183 805 3227 esse:
840 3168 962 3228 Nos
1001 3168 1355 3243 praedictum
1373 3169 1607 3227 Missale
1626 3168 1941 3229 Romanum
1970 3166 2154 3227 forma
2186 3170 2437 3227 manuali
2472 3186 2741 3229 excusum

394 3261 596 3316 tenore
630 3257 1012 3329 praesentium
1048 3255 1442 3330 approbamus,
1475 3256 1887 3330 evulgandique
1921 3256 2210 3315 licentiam
2248 3258 2621 3330 impertimur.

531 3413 603 3472 In
639 3430 881 3487 quorum
918 3412 1085 3473 fidem
1118 3414 1221 3474 has
1258 3415 1500 3474 Nostras
1535 3413 1777 3486 litteras,
1812 3430 1982 3471 manu
2017 3414 2232 3472 Nostra
2266 3415 2617 3489 subscriptas
2653 3422 2741 3475 at-

396 3516 508 3574 que
539 3502 747 3574 majori
779 3503 994 3561 Nostro
1032 3501 1232 3575 Sigillo
1266 3501 1517 3560 munitas
1551 3501 1807 3576 expediri
1843 3501 2128 3574 jussimus.

533 3656 887 3718 Ratisbonae
921 3657 1014 3718 die
1052 3664 1099 3718 1.
1136 3657 1452 3733 Septembr.
1493 3661 1646 3718 1861.

786 3866 829 3959 ·1·
877 3871 1281 3956 Ignatius.

1465 3973 1558 4043 (L.
1597 3974 1676 4046 S.)

1951 4146 2030 4207 W.
2064 4148 2124 4206 A.
2160 4147 2350 4217 ualet,
2390 4146 2597 4206 Secret.

1555 4708 1608 4748 13
