3025 5400
168 492 231 561 190
597 496 768 557 Benedictio
793 495 886 557 Cerei.

165 628 307 699 vidisset
320 628 414 697 Deus
428 634 554 697 temam
570 647 644 697 esse
659 646 733 697 ccr-
761 625 935 711 muncrum,
951 623 1086 714 quando
1099 622 1215 695 diluvii
1229 620 1307 713 aqua

165 720 301 805 ruptam
334 715 459 804 (omnis
493 715 619 805 quippe
654 734 733 784 (aro
761 711 1010 783 inundaverunt
1047 733 1150 802 super
1190 717 1309 781 terrun.

166 808 365 892 corruperat
390 804 479 872 viam
505 824 599 871 suam
631 822 733 903 super
761 801 865 890 Rupti
878 809 956 870 sunt
968 821 1084 871 omnes
1093 797 1204 871 fontes
1213 794 1313 901 abyssi

166 890 317 979 terram),
342 890 428 959 dixit
451 889 493 959 ad
514 890 601 959 Nae:
638 889 733 958 Fuus
760 908 901 978 magnae,
912 896 947 957 et
956 890 1137 961 cataractae
1148 886 1315 976 coeluaper-

166 980 333 1048 universae
361 979 472 1060 carnis
499 978 590 1046 venit
614 997 732 1079 ,curam
760 984 804 1045 tae
831 982 927 1045 suut:
958 982 994 1045 et
1020 973 1110 1047 facta
1134 979 1189 1046 cst
1212 972 1318 1074 pluuia

166 1087 238 1260 ille·
261 1065 733 1260 l‘ltlttttllffltllljl.
760 1060 1320 1308 lllffrtll‘ltlrlfflllli

166 1240 627 1418 {llllllltllgltllt
651 1238 734 1428 aa
761 1239 921 1413 latua
935 1236 1323 1427 allucens

168 1414 415 1517 mansiunculas
449 1416 481 1485 in
509 1435 588 1516 anca
619 1349 734 1497 lgiones
761 1413 922 1502 Japheth,
940 1412 1002 1484 fini
1021 1435 1094 1506 ejus
1112 1433 1213 1516 ‘uxor
1229 1410 1323 1512 illins,

169 1510 203 1575 et
225 1504 388 1573 bitumine
409 1503 508 1573 linies
532 1502 735 1572 intrinsecus
762 1508 797 1570 ct
828 1507 899 1571 tres
924 1501 1046 1594 mures
1073 1469 1222 1572 filiarum
1237 1516 1323 1600 ‘ejus

169 1599 204 1661 et
226 1592 448 1661 extrinsecus.
492 1589 538 1659 Et
563 1590 611 1660 sic
632 1588 734 1660 facies
761 1609 836 1660 cum
871 1590 920 1659 eis
952 1589 987 1659 in
1015 1609 1145 1661 arcam:
1179 1589 1262 1677 ipsu,
1292 1592 1323 1657 et

169 1697 256 1748 eam:
283 1678 524 1749 Treccnu'uum
544 1677 734 1748 cubiturum
761 1697 858 1747 omne
874 1676 998 1747 annual
1020 1676 1205 1749 secundnm
1225 1694 1323 1763 genus

169 1767 236 1837 erit
252 1765 427 1855 longitudo
446 1786 547 1851 areae,
570 1765 734 1854 quinqua·
761 1785 868 1852 suum,
886 1765 1110 1854 universaque
1121 1762 1323 1854 jumentaiu

168 1855 264 1943 ginta
290 1852 478 1922 cubiturum
505 1851 662 1938 latitudo,
701 1857 735 1921 et
760 1853 885 1942 genere
914 1873 990 1940 suo,
1024 1859 1060 1922 et
1091 1872 1206 1939 omne,
1240 1844 1323 1939 quud

167 1941 309 2028 triginta
330 1941 516 2010 cubiturum
534 1939 678 2009 altitudo
694 1938 734 2008 il·
761 1941 916 2009 movetur
935 1960 1038 2028 super
1060 1946 1188 2009 terram
1215 1937 1251 2007 iu
1270 1936 1323 2039 ge

168 2029 243 2099 lius.
266 2027 464 2097 Fenestram
481 2028 515 2096 in
531 2048 610 2096 arca
621 2024 734 2113 facies
761 2047 842 2097 nere
860 2048 929 2115 suo,
949 2031 1173 2115 cunctumque
1191 2022 1323 2095 vultule

169 2115 249 2216 etin
261 2115 632 2215 cubitonconsummabis
643 2135 734 2183 sum·
762 2115 944 2185 secundum
962 2136 1068 2271 {enus
1089 2134 1198 2183 suum.
1220 2111 1323 2181 Porro

168 2205 319 2273 mitatem
350 2222 436 2292 eJus:
472 2201 595 2272 istium
621 2210 735 2271 autem
761 2222 840 2272 arca
866 2200 960 2272 lereb
982 2210 1040 2272 tur
1073 2221 1177 2291 super
1214 2218 1323 2289 aquas

169 2311 256 2361 a1·cae
279 2311 385 2380 pones
412 2311 453 2359 cx
479 2289 601 2360 laterc:
636 2288 735 2359 dcllr-
762 2288 810 2358 Et
831 2309 927 2378 aquae
954 2288 1211 2378 praevaluerunt
1233 2286 1323 2357 nimia

170 2400 243 2449 sum
263 2376 448 2465 coenacula,
467 2383 502 2447 et
520 2378 619 2448 triste
644 2374 735 2446 afa·
762 2397 865 2465 snper
885 2384 1028 2447 terram:
1053 2378 1235 2466 opertique
1254 2378 1323 2447 sunt

170 2467 237 2538 cies
256 2467 291 2536 iu
307 2488 356 2536 ea.
384 2464 473 2536 Ecce
488 2487 551 2554 ego
571 2399 735 2534 anglicam
762 2485 877 2534 omnes
893 2471 1024 2535 montes
1041 2464 1166 2536 excelsi
1181 2464 1246 2534 snb
1257 2461 1323 2533 uni

170 2575 274 2644 aquas
291 2554 408 2623 diluvii
424 2560 677 2642 superterram,
697 2558 734 2620 ut
761 2554 861 2623 versu
874 2553 967 2623 coelo.
992 2551 1191 2640 Quindecim
1209 2550 1323 2622 cubitis

170 2642 372 2714 interficiam
388 2661 519 2711 omnem
538 2660 682 2727 cannam,
700 2639 735 2709 in
762 2639 862 2712 altior
886 2638 1051 2731 initaque
1069 2660 1171 2799 suger
1187 2646 1323 2710 montes

169 2751 235 2820 qua
264 2730 403 2819 spiritus
427 2729 504 2799 vitae
540 2736 592 2800 est
618 2729 735 2798 subter
763 2751 846 2819 quos
869 2731 1060 2818 operuerat.
1133 2732 1323 2816 onsumpta·

169 2819 299 2888 coelum.
322 2816 487 2888 Universa
504 2837 578 2906 quae
594 2817 736 2886 interra
762 2837 828 2906 qne
851 2823 904 2887 est
925 2818 1032 2887 omnis
1052 2837 1140 2902 caru,
1161 2836 1239 2906 quae
1260 2835 1323 2884 mc

169 2914 256 2992 sunt,
273 2907 521 2975 consumentur.
541 2903 735 2992 Ponamque
762 2906 907 2975 uebatur
932 2910 1200 2994 superterram,
1235 2901 1323 2972 villu·

169 2992 278 3062 foedus
293 3014 403 3062 mcum
420 3000 545 3062 tecum:
569 2997 604 3061 et
621 2991 735 3080 ingre·
762 3014 865 3080 crum,
883 2993 1112 3080 ammantium,
1132 2992 1323 3076 bestimum

88 3077 94 3088 ‘
170 3080 272 3150 (lieris
300 3101 412 3150 arcam
439 3089 492 3167 tu,
527 3087 561 3149 et
581 3078 642 3148 filii
674 3078 733 3166 tui,
762 3081 976 3169 omniumque
987 3080 1172 3169 reptilium,
1190 3097 1323 3169 quaere

170 3189 254 3236 uxor
280 3175 354 3254 tua,
384 3175 418 3236 et
443 3168 566 3236 uxeres
589 3166 734 3236 filiarum
762 3174 859 3257 plant
874 3189 976 3257 super
995 3173 1132 3238 terram.
1156 3165 1323 3238 Remami

169 3256 305 3325 tucimnn
325 3263 446 3324 tecum.
478 3255 525 3324 Et
544 3276 585 3325 ex
606 3255 735 3325 cunctis
762 3262 874 3326 autem
898 3256 988 3325 sclus
1010 3254 1094 3344 Noe,
1117 3262 1152 3327 et
1176 3256 1235 3345 qui
1257 3273 1323 3326 cum

170 3344 396 3413 animantibus
429 3343 594 3411 universae
626 3342 736 3411 carnis
763 3365 803 3413 eo
818 3344 960 3413 erantin
973 3364 1061 3413 arca.
1083 3342 1323 3416 Obtinucn'mt·

170 3431 250 3501 bina
270 3429 409 3501 induces
427 3430 460 3499 iu
482 3450 604 3530 arcam²
626 3437 664 3498 ut
686 3430 735 3498 vi·
763 3452 935 3521 queaquae
948 3437 1072 3500 terram
1085 3437 1223 3503 centum
1258 3429 1323 3499 uin·

171 3524 252 3587 vant
272 3525 397 3588 tecum:
430 3517 604 3587 masculini
624 3538 734 3605 sexus
763 3521 926 3609 quaginta
947 3517 1077 3589 diebus.
1118 3452 1323 3590 Recoriauu

172 3612 206 3675 et
242 3604 402 3674 feminini.
456 3605 509 3674 Dc
543 3605 735 3675 volucribus
762 3615 875 3677 autem
893 3607 988 3677 Deus
1010 3606 1093 3695 Noe,
1117 3607 1323 3678 cunctorum·

167 3694 266 3782 juxta
286 3714 392 3782 genus
414 3714 524 3779 suum,
559 3701 594 3762 ct
621 3693 662 3762 de
680 3693 734 3779 ju·
763 3717 827 3784 que
855 3693 1087 3782 animantium,
1122 3702 1158 3764 ct
1185 3694 1323 3764 amnium

169 3782 291 3850 mentis
310 3781 344 3849 in
383 3783 496 3850 νρηυιό
522 3802 599 3868 suc,
634 3788 669 3850 ct
694 3802 735 3850 ex
758 3783 1001 3872 jumenturum,
1035 3801 1109 3871 quae
1137 3789 1237 3853 crant
1258 3801 1323 3854 cnm

170 3869 259 3937 cunni
282 3805 396 3956 reptili
423 3877 524 3937 terrae
551 3868 734 3938 secundum
763 3892 802 3939 eu
822 3870 855 3939 in
879 3890 970 3958 arca,
1004 3869 1147 3940 adduxit
1174 3871 1323 3960 spiritum

169 3976 274 4042 genius
290 3977 399 4024 sunm:
424 3956 504 4025 bina
518 3954 559 4025 de
582 3956 735 4026 munibus
763 3979 865 4046 super
898 3964 1039 4045 terram,
1077 3965 1112 4027 et
1144 3958 1323 4028 imminuta

168 4042 402 4131 ingredientur
417 4051 536 4130 tecum,
553 4050 590 4111 nt
604 4045 735 4131 possint
763 4053 841 4114 suut
852 4066 957 4134 aquae.
980 4044 1027 4114 Et
1044 4045 1148 4115 clausi
1160 4052 1242 4115 sunt
1258 4044 1323 4115 lon·

170 4130 293 4199 uiverc.
318 4130 430 4200 Tullus
446 4131 550 4218 igitur
564 4138 673 4201 tecum
693 4153 734 4201 ex
762 4140 813 4201 tes
835 4134 958 4233 abyssi²
983 4139 1017 4201 et
1039 4135 1220 4204 cataractae
1240 4131 1323 4203 coeli:

169 4218 322 4287 cluiuilius
335 4219 428 4304 escis,
445 4238 519 4306 qnae
532 4218 644 4288 mandi
655 4240 734 4374 pos·
763 4227 796 4290 et
824 4220 1005 4308 prohibitae
1035 4229 1113 4291 sunt
1135 4221 1262 4310 pluviae
1288 4219 1323 4290 da

169 4316 255 4390 suut,
280 4314 314 4374 ct
330 4306 557 4394 cuinpuctubis
576 4327 655 4394 aput
684 4314 732 4375 te:
762 4307 855 4377 coelo.
887 4307 1111 4397 Reversaeque
1134 4316 1214 4378 sunt
1234 4329 1323 4397 aqua

169 4399 203 4461 ct
222 4402 320 4462 enuut
344 4402 409 4462 tau}
441 4394 516 4480 tibi,
545 4415 644 4494 quam
668 4393 734 4463 illis
762 4395 803 4464 ‹lc
819 4403 909 4464 terra
926 4399 1054 4483 euntes
1076 4401 1112 4467 et
1130 4396 1323 4467 redeuntes:

168 4481 202 4548 in
235 4481 356 4550 cibum.
401 4480 492 4550 Fecit
526 4484 630 4586 igitur
660 4480 733 4551 Nae
761 4488 796 4552 et
813 4484 989 4572 cupierunt
1016 4484 1120 4553 minui
1144 4491 1226 4585 pust
1252 4505 1323 4555 cen·

169 4568 298 4654 annua,
336 4589 410 4656 quan
447 4576 657 4657 pnaecepcrat
686 4570 734 4639 illi
762 4577 833 4639 tum
856 4571 1099 4660 quinquaginta
1120 4570 1203 4642 dies.
1227 4569 1323 4642 Cum·

166 4654 269 4725 Deus.
314 4655 467 4748 Eratque
499 4656 733 4728 sexcentenum
762 4679 826 4749 quc
865 4661 1067 4729 transissent
1084 4741 1086 4746 ¹
1103 4660 1323 4751 quadraginta
