3025 5400
198 624 356 699 praefatam
374 626 535 685 celebrandi
553 626 791 696 mussitationem,
808 625 855 682 uel
872 624 1375 709 consuetudincmnequaquamauie·

198 698 301 780 rimus3
320 698 362 755 sic
380 698 405 755 si
422 697 538 780 Missale
555 696 618 779 boc,
637 695 713 821 (iwd
728 711 804 779 nunc
821 696 850 752 in
865 695 954 778 lucem
964 693 1187 778 edicuraviiiius,
1205 695 1306 754 usdem
1315 714 1375 756 ma·

197 783 240 838 gis
259 767 392 841 placeret,
410 766 560 840 deEpisco
580 785 600 837 1,
618 782 653 823 ve
672 765 798 824 Praelati
825 764 1004 848 Capitulique
1022 780 1148 824 uniuersi
1166 780 1313 837 consensu,
1331 773 1373 839 ut,

198 836 344 921 quibusvis
363 854 419 895 non
440 836 565 896 obstanti
586 853 627 905 us,
642 837 726 907 iuxta
743 809 815 893 iilud
832 835 936 893 Missas
953 833 1098 892 celebrare
1114 835 1233 909 possint,
1247 838 1374 922 ‚permit-

198 914 296 965 timus:
319 923 355 965 ex
376 908 441 967 aliis
464 924 533 965 vero
556 906 687 966 omnibus
710 906 847 964 Ecclesiis
870 902 1005 978 praelatis
1029 904 1191 964 eorumdem
1211 906 1374 965 Missaliuui

198 994 279 1035 usum
297 976 432 1060 tollendo,
450 978 555 1049 illaque
574 978 686 1051 penitus
705 984 734 1034 et
753 977 868 1034 omnino
886 974 1048 1046 rejiciendo,
1066 992 1101 1033 ac
1118 975 1308 1035 buicMissali
1321 993 1374 1036 no-

197 1053 258 1105 stro
277 1063 368 1120 nuper
386 1047 470 1113 edito,
495 1047 567 1105 nihil
589 1063 720 1119 umquam
737 1046 905 1115 addendum,
924 1044 1136 1116 deuehendum,
1153 1053 1203 1104 aut
1221 1047 1374 1106 immutan-

197 1116 264 1175 duni
283 1133 344 1176 esse
361 1117 546 1187 decernendo,
565 1117 617 1175 sub
635 1117 837 1200 indignationis
847 1123 961 1174 nostrae
970 1132 1042 1188 poen
1088 1116 1141 1174 bac
1154 1122 1254 1175 nostra
1271 1133 1374 1191 perpe·

197 1193 247 1245 tuo
265 1188 388 1247 valitura
406 1189 607 1246 constitutione
624 1194 783 1257 statuimus,
799 1193 828 1245 et
846 1186 1015 1243 ordinamus.
1070 1186 1215 1257 audantes,
1233 1187 1373 1246 nedistri-

197 1265 242 1315 cte
260 1256 390 1315 omnibus
407 1264 436 1315 et
454 1259 572 1329 singulis
590 1258 783 1315 Ecclesiamm
803 1256 1009 1329 praedictarum
1028 1256 1215 1327 Patriarebis,
1238 1257 1374 1316 Admini-

196 1327 367 1385 stratoribus
386 1328 504 1456 αἰὶἰεὲιιθ
549 1329 641 1386 rsouis
652 1343 825 1399 quacumque
834 1326 1033 1384 Ecclesiastico
1042 1326 1178 1398 dignitate
1187 1325 1372 1411 fulgentibus,

197 1399 307 1455 etiamsi
326 1398 354 1455 S.
363 1373 397 1455 il
406 1397 441 1456 E.
475 1415 507 1455 ar
529 1398 625 1469 ‘noles
643 1404 693 1455 aut
707 1398 829 1470 cujusvis
838 1397 955 1455 alterius
964 1396 1075 1468 gradus,
1094 1404 1122 1454 et
1132 1401 1373 1471 praeeminentiae

196 1464 311 1539 fuerint,
329 1468 387 1525 illis
405 1470 434 1525 iii
455 1469 560 1526 virtute
578 1467 879 1526 sanctaeobedientiac
898 1468 1110 1540 praecipientes,
1128 1475 1160 1526 ut
1169 1469 1270 1526 ceteris
1281 1470 1373 1527 omni·

197 1537 249 1609 bus
267 1537 432 1608 rationibus,
457 1545 486 1596 et
503 1538 606 1597 ritibus
624 1555 659 1596 ex
677 1539 741 1595 aliis
760 1538 923 1595 Missalibus
941 1539 1121 1610 quantumuis
1137 1539 1256 1596 uetustis
1275 1539 1372 1597 baete

196 1624 250 1666 nus
270 1608 416 1667 observari
431 1609 586 1679 consuetis,
608 1608 638 1665 iu
658 1616 803 1680 posterum
821 1609 934 1679 penitus
953 1608 1062 1666 omissis
1095 1624 1129 1665 ac
1145 1608 1229 1680 plane
1246 1610 1371 1681 rejectis,

196 1678 314 1736 Missam
328 1680 412 1751 juxta
429 1679 523 1743 ritum,
543 1677 664 1745 moduni,
683 1695 716 1736 ac
733 1695 868 1747 normani,
889 1693 959 1748 quae
998 1694 1029 1735 er
1045 1652 1161 1736 biissale
1179 1677 1233 1735 hoc
1250 1695 1268 1736 a
1287 1679 1372 1738 nobis

195 1764 271 1806 nuuc
287 1749 419 1819 traditur,
438 1747 602 1819 decantent,
626 1765 660 1806 ac
677 1748 785 1820 legana
809 1764 844 1804 ne
864 1764 899 1805 ue
917 1750 946 1805 in
998 1749 1071 1805 issae
1090 1747 1281 1806 celebratione
1299 1750 1372 1808 alias

195 1820 393 1888 caeremonias,
412 1818 457 1874 vel
476 1834 581 1892 preces,
600 1836 682 1889 quam
719 1834 772 1879 uae
790 1818 864 1876 licei
886 1819 965 1876 issali
986 1819 1174 1889 continentur,
1193 1816 1305 1890 addere,
1324 1819 1371 1877 uel

195 1889 315 1947 recitare
334 1896 521 1962 praesumant.
551 1889 644 1971 Atque
662 1896 694 1946 ut
732 1904 766 1946 oc
783 1889 875 1961 ipsum
894 1888 1009 1945 Missale
1028 1890 1057 1946 iii
1077 1889 1166 1946 Missa
1183 1889 1369 1962 decantanda

195 1967 245 2017 aut
263 1958 410 2017 recitanda
433 1959 462 2016 in
481 1957 626 2030 quibusvis
650 1959 786 2015 Ecclesiis
804 1957 909 2030 absque
932 1958 990 2015 ullo
1014 1959 1202 2017 conscientiae
1225 1961 1369 2032 scrupulo,

194 2036 244 2086 aut
263 2029 422 2101 aliquarum
439 2044 602 2101 poenarum,
626 2029 838 2098 sententiarum,
862 2034 890 2084 et
908 2044 1090 2086 censurarum
1108 2030 1231 2100 incursu,
1250 2030 1371 2102 posthac

195 2101 309 2157 omnino
326 2104 488 2170 sequantur,
506 2114 594 2169 eoque
613 2097 702 2155 libere
720 2104 749 2155 et
766 2097 844 2155 licite
861 2099 904 2155 uti
922 2099 1040 2170 possint,
1059 2105 1088 2156 et
1107 2099 1227 2169 valeant,
1244 2100 1370 2157 auctori·

194 2175 254 2227 tate
272 2168 445 2242 Apostolica
464 2174 563 2225 tenore
572 2170 771 2239 praesentium,
789 2169 874 2226 etiam
884 2175 1021 2240 perpetuo
1035 2168 1218 2235 concedimus,
1237 2169 1370 2227 etindul·

194 2255 298 2310 gemus.
315 2237 560 2307 Nechraesules,
580 2238 842 2307 Administratores,
861 2236 1004 2308 Canonici,
1023 2237 1177 2310 capellani,
1192 2244 1221 2295 et
1238 2239 1288 2298 alii
1318 2256 1369 2297 uo-

194 2325 256 2366 cum
276 2324 311 2366 ue
335 2308 448 2365 nomine
472 2309 626 2380 nuncupati
650 2307 813 2379 Presbyteri
836 2307 1009 2377 saeculares,
1033 2314 1083 2366 aut
1105 2309 1228 2380 ciuusvis
1251 2308 1275 2366 0
1312 2310 1369 2367 inis

193 2327 351 2450 reguiares,
374 2376 411 2435 ad
428 2378 545 2435 Missam
568 2378 665 2449 aliter,
689 2394 772 2449 quani
791 2394 808 2434 a
826 2376 908 2435 nobis
926 2384 1063 2436 statutum
1088 2384 1143 2448 est,
1168 2378 1368 2436 celebrandam

193 2455 358 2506 tencantur:
383 2462 474 2518 neque
493 2446 529 2504 ad
548 2448 663 2505 Missale
681 2447 734 2505 hoc
751 2445 955 2504 immutandum
973 2463 991 2503 a
1008 2446 1135 2519 quolibet
1151 2449 1221 2519 cogi,
1245 2456 1274 2506 et
1292 2465 1368 2507 coin·

192 2518 269 2590 pelli,
289 2523 486 2591 praesentasse
505 2517 617 2574 litterae
635 2517 693 2574 ullo
711 2533 841 2588 uniquam
860 2525 986 2590 tempore
1003 2519 1141 2583 revocari,
1159 2525 1208 2575 aut
1225 2517 1368 2576 moderari

194 2589 315 2660 possint,
340 2587 389 2645 sed
411 2585 509 2644 finnae
531 2604 640 2660 semper
664 2594 692 2644 et
710 2588 820 2645 validae
838 2588 867 2643 in
884 2604 935 2644 suo
954 2588 1077 2644 existunt
1096 2586 1211 2657 robore,
1235 2588 1369 2646 similiter

193 2660 351 2729 statuimus,
375 2664 403 2715 et
421 2656 603 2715 declaramus.
638 2658 703 2716 Non
723 2656 900 2716 obstantibus
919 2658 1089 2729 praemissis,
1107 2674 1140 2715 ac
1158 2658 1368 2717 constitutioni·

194 2727 253 2800 bus,
278 2736 307 2786 et
325 2727 552 2786 ordinationibus
571 2728 750 2801 Apostolicis,
774 2744 807 2785 ae
825 2729 853 2784 iii
873 2727 1105 2798 Prouincialibus,
1129 2734 1157 2784 et
1176 2727 1368 2800 Synodalibus

193 2797 327 2857 Consiliis
346 2797 430 2856 editis
447 2797 638 2869 generalibus,
662 2798 708 2855 vel
725 2797 894 2871 specialibus
919 2796 1180 2869 constitutionibus,
1205 2805 1233 2855 et
1251 2798 1367 2858 ordina·

192 2868 326 2939 tionibus,
343 2883 397 2925 nec
415 2884 473 2925 non
486 2867 676 2925 Ecclesiarum
694 2867 902 2941 praedictarum
920 2885 981 2936 usu,
1001 2868 1164 2939 longissima
1180 2875 1208 2925 et
1222 2870 1368 2927 immemo-

192 2938 277 2996 rabili
295 2939 527 3021 praescriptione,
546 2955 602 2995 non
620 2945 713 2996 tamen
732 2955 818 3011 supra
831 2936 1073 3008 ducentosannos‚
1089 2937 1232 3009 roborato,
1250 2940 1367 2997 statutis

192 3016 221 3067 et
238 3007 488 3067 consuetudinibus
507 3009 657 3066 contrariis
676 3007 904 3080 quibuscumque.
939 3006 1075 3065 Volumus
1094 3014 1196 3079 autem,
1221 3014 1250 3065 et
1268 3008 1366 3066 eadem

191 3080 363 3136 auctoritate
379 3076 563 3148 decernimus,
581 3084 613 3134 ut
631 3084 696 3150 post
713 3078 796 3150 hujus
814 3085 928 3136 nostrae
947 3078 1170 3143 constitutionis,
1189 3094 1223 3135 ac
1239 3078 1366 3137 Missalis

192 3147 360 3216 editionem,
386 3149 434 3219 qui
459 3148 488 3204 in
506 3148 634 3205 Romana
656 3147 760 3205 adsunt
783 3147 869 3205 Curia
887 3147 1051 3218 Presbyteri
1089 3155 1134 3206 ost
1151 3164 1287 3217 mensem,
1316 3150 1365 3221 qui

192 3234 259 3276 uero
277 3219 355 3275 intra
371 3225 489 3300 montes,
507 3224 575 3301 post¹
589 3224 660 3300 tres:
677 3224 707 3300 et
744 3220 773 3275 ui
791 3219 868 3275 ultra
881 3223 990 3275 montes
999 3165 1134 3300 incolunt,
1152 3225 1217 3290 post
1225 3234 1276 3300 sex
1286 3235 1365 3300 inen-

190 3295 408 3416 uiuus
433 3235 1365 3428 siniensilicinanius‘sisinni

190 3427 394 3499 incorruptum,
411 3444 445 3484 ac
463 3403 617 3510 mendis’et
633 3374 778 3485 emegribus
796 3402 945 3501 purgatum
969 3375 1168 3509 'raeserveturq
1186 3426 1316 3485 omnibus
1334 3430 1363 3485 iu

190 3503 298 3566 nostro,
316 3503 345 3554 et
362 3496 389 3554 S.
408 3497 442 3554 R.
461 3497 495 3555 E.
513 3495 637 3555 dominio
655 3498 777 3555 mediate
802 3499 846 3555 vel
864 3499 931 3555 imni
968 3504 1025 3554 iate
1042 3497 1169 3568 subiecto
1188 3512 1364 3555 commoran-

190 3566 266 3625 tibus
283 3566 508 3640 impressoribus,
526 3567 579 3625 sub
598 3567 757 3625 amissionis
777 3543 924 3638 librorum,
943 3573 1105 3624 accentum
1124 3566 1290 3624 ducatorum
1299 3568 1362 3625 auri

190 3635 325 3694 Gamerae
339 3636 520 3709 Apostolieae
538 3637 548 3693 i
568 3654 599 3694 so
617 3635 692 3695 iacto
709 3637 953 3711 applicandorum:
973 3636 1037 3694 aliis
1055 3653 1122 3694 vero
1140 3637 1169 3693 iii
1187 3653 1307 3720 quaeum
1327 3654 1362 3694 uc

190 3706 267 3765 orbis
283 3713 367 3790 parte
384 3655 602 3790 consistentiius
620 3710 672 3789 sub
688 3708 988 3790 excommunicationis
994 3706 1069 3764 latae
1075 3713 1243 3790 sententiae²
1260 3656 1362 3790 etaiiis

189 3776 303 3835 arbitrii
321 3783 411 3835 nostri
450 3793 537 3846 cenis,
555 3793 591 3833 ne
609 3793 669 3834 sine
687 3785 793 3848 nostra,
812 3778 856 3834 vel
875 3777 1005 3850 specialis
1021 3776 1058 3833 ad
1073 3775 1103 3833 id
1112 3776 1270 3850 Apostolici
1280 3776 1362 3835 Gom·

189 3847 312 3906 mnsami
330 3848 360 3904 iii
379 3848 403 3904 e'
439 3862 483 3903 eiu
507 3845 670 3929 partibusa
693 3847 776 3906 nobis
799 3846 988 3906 constituendi
995 3891 1003 3930 ,
1025 3847 1154 3914 licentia,
1176 3863 1210 3905 ac
1231 3847 1286 3904 nisi
1310 3864 1362 3921 per

189 3916 317 3975 eumdem
341 3915 569 3975 Commissarium
590 3917 679 3974 eidem
702 3919 866 3990 impressori
893 3916 1018 3974 Missalis
1042 3918 1218 3989 exemplum,
1246 3933 1281 3973 ex
1324 3935 1360 3976 uo

188 3987 354 4046 aliorumim
375 3985 607 4044 timendoruniab
617 3989 679 4060 ipso
688 3988 857 4072 impressore
865 3988 921 4045 erit
930 3986 1093 4060 accipienda
1102 4003 1209 4056 norma,
1220 4002 1282 4043 cuni
1325 3989 1371 4045 is·’

189 4057 242 4115 sali
260 4058 289 4115 in
309 4006 389 4117 Uria
407 4056 559 4116 secundum
577 4073 707 4129 magliam
725 4075 763 4115 im
784 4058 936 4115 ressicnem
959 4059 1095 4129 impresso
1114 4056 1247 4114 collatum
1266 4054 1361 4127 fuisse,

189 4134 218 4185 et
236 4127 415 4197 concordare,
434 4142 486 4184 nec
503 4128 532 4184 in
551 4127 610 4185 ullo
628 4129 740 4201 penitus
780 4130 919 4200 ‘screpare
957 4127 1016 4184 rius
1034 4127 1118 4199 plena
1134 4125 1203 4184 tides
1218 4125 1362 4184 iactaiue-

189 4197 236 4267 rit,
254 4197 425 4271 imprimere,
442 4197 487 4254 vol
508 4215 675 4270 proponere,
693 4198 737 4254 vel
757 4198 885 4270 recipere
901 4145 960 4254 ulio
970 4195 1052 4254 modo
1069 4195 1199 4266 audeant,
1218 4196 1262 4254 vel
1349 4227 1361 4238 ·

188 4275 313 4338 sumant,
338 4268 506 4326 auctoritate
524 4266 703 4340 apostolica,
721 4273 750 4324 et
767 4275 866 4324 tenore
904 4267 1074 4324 raesentium
1093 4265 1231 4324 similibus
1251 4215 1361 4324 iniibe·

188 4354 258 4395 mus.
278 4337 391 4406 Verum,
428 4338 476 4394 uia
490 4335 605 4394 difficile
621 4344 694 4395 esset
711 4343 872 4410 praesentes
903 4337 1000 4395 'iteras
1017 4335 1054 4393 ad
1071 4352 1197 4408 quaeque
1206 4335 1361 4395 Christiani

188 4405 266 4489 orbis
289 4407 352 4491 loca
370 4355 490 4490 deferri,
505 4422 546 4490 'ac
563 4407 655 4489 primo
670 4423 784 4490 quoque
801 4413 929 4479 tempore
952 4408 982 4463 in
1001 4406 1126 4464 oninium
1147 4407 1278 4489 notitiam
1298 4423 1361 4480 per·

188 4474 266 4547 ferri,
289 4476 354 4535 illas
371 4476 408 4550 ad
426 4475 565 4534 Basilicae
581 4475 723 4549 Principis
741 4476 951 4549 Apostolorum,
977 4492 1010 4532 ac
1028 4475 1220 4534 cancellariae
1238 4476 1361 4549 Aposto-

187 4545 268 4616 lieae‚
285 4553 314 4605 et
332 4547 362 4603 in
379 4547 440 4604 acie
454 4545 554 4619 Campi
568 4545 673 4604 Florae
690 4546 726 4605 de
743 4562 822 4605 more
840 4545 980 4620 publicari
998 4552 1027 4603 et
1045 4545 1121 4618 adigi
1148 4562 1182 4603 ac
1199 4546 1361 4604 eurumdem

176 4611 346 4697 naemu
365 4615 505 4690 oiempin
522 4616 608 4675 aum
625 4617 777 4691 impressis,
795 4633 829 4674 aa
846 4633 931 4674 manu
948 4615 1068 4690 monus
1083 4590 1361 4700 putrescemus

161 4679 348 4753 subserpens,
368 4699 426 4742 iiec
442 4700 502 4745 non
520 4685 618 4760 siffl'llo
634 4701 777 4763 personae
793 4687 825 4747 in
835 4685 974 4762 dignitate
981 4685 1182 4745 Ecclesiastico
1190 4691 1360 4744 constitutae

779 4837 794 4872 i
