3025 5400
260 376 405 417 mun.
435 370 532 415 aut
570 376 792 428 nquam.
830 370 923 413 aut
962 366 1258 426 utrumque
1292 372 1403 410 non

260 448 374 484 essi·
400 431 451 483 in
472 434 487 479 (
506 430 685 484 'alin-e:
718 429 878 483 debet
905 429 1091 483 statim
1120 444 1403 550 apponere

262 502 447 555 vinum
482 517 607 553 cuin
638 517 799 569 aqna.
846 506 899 553 et
934 500 1083 552 lacta
1118 518 1150 552 o
1178 515 1189 548 ›
1216 496 1404 551 atione

258 582 311 626 ut
349 586 549 640 supra.
585 584 940 643 consecrare:
978 564 1295 641 incipiendo
1333 565 1405 621 ab

258 640 369 695 illis
404 637 622 695 verbis:
662 634 841 689 Simili
880 650 1041 689 ιιι-μευ
1073 644 1178 693 ete,

322 732 373 782 4.
409 726 465 780 Si
490 732 616 797 post
640 723 809 781 verba
840 724 1277 780 consecrationis
1308 721 1406 778 ad-

259 804 447 852 vertat
470 798 658 851 vinum
688 812 799 851 non
827 794 996 851 fuisse
1022 796 1285 861 positum.
1308 791 1405 848 sed

254 882 488 935 aquam:
520 864 769 937 deposita
796 880 939 935 aqua
961 866 1017 919 in
1040 862 1267 934 aliquod
1293 878 1406 921 vaS.

254 936 463 993 iterum
490 936 681 991 vinum
700 952 825 991 cum
855 950 1001 1005 aqua
1021 940 1197 1005 ponat
1220 934 1279 989 in
1304 932 1407 988 Ca-

258 1004 383 1067 lice.
418 1012 475 1063 et
510 1012 819 1073 consecret,
850 1002 1184 1061 resumendo
1216 1020 1249 1059 a
1282 1017 1407 1059 ver-

256 1072 345 1131 bis
378 1074 713 1149 praedictis:
750 1067 929 1125 simili
970 1067 1133 1123 modo
1170 1080 1275 1130 etc,

328 1164 379 1218 5.
420 1160 481 1217 Si
516 1162 625 1219 hoc
659 1160 919 1219 advertat
984 1167 1091 1217 ›ost
1136 1177 1257 1217 sum
1302 1161 1407 1217 tio-

254 1248 385 1288 nem
450 1230 721 1305 Corporis
749 1276 763 1301 ‚
833 1230 921 1287 vel
996 1232 1253 1302 iujusmo(
1276 1248 1295 1286 1
1350 1247 1407 1286 a·

256 1318 427 1373 quae:
454 1308 708 1375 apponat
726 1300 897 1357 aliam
918 1300 1177 1358 Hostiam
1200 1301 1407 1359 iterum

254 1370 715 1443 consecrandam,
740 1378 794 1429 et
815 1372 1007 1427 vinum
1030 1387 1157 1427 cum
1182 1386 1329 1441 aqua
1349 1370 1406 1426 in

258 1440 477 1503 Calice.
520 1440 723 1499 offemt
754 1448 1081 1523 utrumque,
1124 1448 1183 1498 et
1203 1456 1408 1523 ‘co-nse-

256 1524 395 1581 cret‚
434 1520 493 1569 et
512 1520 715 1575 sumat.
748 1528 1001 1582 quaun'ls
1024 1528 1135 1567 non
1170 1519 1240 1568 sit
1260 1528 1407 1581 Jeju-

256 1598 377 1641 nus.
416 1580 543 1651 Vel,
562 1584 621 1639 si
640 1582 819 1639 Missa
846 1581 1163 1639 celebret-ur
1194 1584 1253 1639 in
1284 1581 1407 1639 loco

258 1652 505 1779 sublim,
542 1650 637 1709 ubi
662 1652 851 1725 plures
871 1651 1075 1717 adsint,
1098 1651 1169 1709 ad
1192 1653 1409 1710 evitan-

292 1740 387 1780 um
414 1720 743 1781 scandalum
770 1724 979 1794 poterit
1010 1738 1083 1796 ap
1160 1738 1296 1780 nere
1326 1723 1408 1779 vi-

258 1810 391 1851 num
426 1810 555 1849 cum
586 1806 753 1864 aqua,
788 1800 841 1849 et
868 1792 1071 1851 lactao
1112 1792 1325 1851 latione
1346 1800 1407 1850 ut

260 1878 449 1937 supra.
480 1877 831 1929 consecrare,
864 1878 931 1919 ac
960 1864 1153 1921 statim
1172 1878 1409 1932 sumere,

260 1940 309 1991 et
346 1933 617 2005 prosequi
648 1938 889 1989 caetera.

322 2024 373 2077 6.
406 2020 469 2077 Si
494 2020 623 2091 quis
650 2020 929 2091 percipiat.
954 2026 1089 2077 ante
1118 2035 1411 2077 consecra-

260 2090 489 2159 tionem,
524 2090 617 2147 vel
646 2096 773 2161 post
792 2091 1289 2159 consecrationem,
1324 2098 1410 2147 to-

260 2170 375 2218 tum
420 2161 617 2217 vinum
662 2174 783 2217 esse
828 2168 1079 2228 acetum,
1130 2159 1221 2217 vel
1266 2160 1410 2216 alias

260 2236 621 2303 coia-uptum:
672 2226 819 2287 idem
850 2236 1111 2287 servetur
1140 2230 1291 2301 quod
1318 2246 1410 2287 su-

266 2316 365 2373 pra
386 2344 401 2367 ,
444 2316 515 2357 ac
560 2300 612 2357 si
654 2296 1097 2372 deprehenderet
1138 2315 1253 2355 non
1292 2315 1411 2357 esse

266 2370 509 2453 positum
540 2370 751 2439 vinum,
783 2368 869 2425 vel
896 2369 1075 2427 solam
1100 2385 1303 2441 aquam
1326 2367 1412 2425 fu-

264 2456 371 2498 nse
404 2438 727 2513 appositam
762 2439 819 2495 in
852 2438 1058 2497 Calice.

326 2530 381 2585 7.
416 2524 479 2583 Si
522 2532 713 2583 autem
758 2524 1063 2584 Celebrans
1107 2532 1241 2584 ante
1279 2542 1411 2583 con-

264 2596 639 2655 secrationem
662 2594 869 2654 Calicis
892 2594 1151 2655 advertat
1183 2614 1297 2653 non
1326 2594 1411 2652 fu-

262 2666 371 2726 isse
400 2666 723 2740 appositam
753 2682 983 2739 aquam:
1016 2668 1205 2726 statim
1236 2672 1407 2739 ponat

266 2753 383 2794 eum
436 2747 495 2794 et

264 2809 365 2866 nis.
386 2783 467 2864 ’Si
496 2807 515 2864 i
586 2805 844 2864 advertat
876 2815 1003 2879 post
1034 2808 1411 2865 consecratio-

262 2893 389 2936 nem
434 2875 681 2935 Calicis:
730 2877 889 2934 nullo
932 2877 1099 2935 modo
1142 2885 1408 2950 apponat.

264 2948 553 3076 queiafnon
602 2953 685 3004 est
730 2946 801 3004 de
844 2949 1181 3005 necessitate
1212 2945 1410 3005 Sacra-

352 3035 387 3074 n
422 3035 457 3074 ι.

264 3035 379 3144 mS.
420 3087 477 3142 Si
500 3085 753 3146 materia.
788 3101 931 3157 quae
951 3093 1099 3144 esset.
1126 3103 1411 3170 apponen-

262 3156 359 3214 da.
406 3157 631 3213 ratione
674 3154 923 3214 defectus
958 3155 1047 3212 vel
1158 3175 1273 3216 ωε.
1322 3158 1407 3213 vel

262 3227 409 3290 vini.
450 3242 565 3284 non
608 3233 797 3298 posset
830 3225 947 3281 ullo
984 3243 1075 3283 mo
1118 3244 1149 3282 o
1184 3226 1409 3284 haberi:

262 3297 309 3353 si
336 3296 395 3354 id
430 3295 497 3353 fit
526 3305 661 3352 ante
688 3296 1169 3354 consecrationem
1199 3297 1411 3371 Corpo-

262 3366 373 3434 ris,
418 3365 661 3424 ulterius
704 3363 933 3438 procedi
966 3382 1078 3422 non
1116 3365 1309 3425 debet:
1363 3367 1410 3423 si

264 3443 391 3508 post.
434 3436 915 3492 consecrationem
960 3435 1257 3508 Corporis,
1314 3445 1410 3494 aut

262 3507 433 3563 etiam
484 3505 631 3574 vini,
676 3503 1119 3576 deprehenditur
1162 3503 1412 3564 defectus

262 3575 499 3634 alterius
532 3575 757 3648 speciei,
785 3575 969 3631 altera
982 3575 1101 3642 jam
1120 3592 1413 3634 consecra-

264 3653 349 3702 ta:
396 3653 553 3713 tunc,
586 3645 633 3702 si
668 3643 825 3702 nullo
858 3643 1025 3726 modo
1056 3644 1251 3703 haberi
1288 3663 1412 3718 pos-

264 3717 353 3780 sit,
388 3713 807 3788 procedendum
843 3721 985 3782 erit,
1017 3721 1075 3772 et
1106 3716 1283 3774 Missa
1315 3716 1413 3772 ab·

266 3783 551 3844 solvenda.
588 3785 671 3842 ita
702 3791 919 3854 tamen,
962 3792 1023 3842 ut
1060 3787 1413 3857 praetermit-

266 3863 461 3914 tantur
490 3853 666 3912 verba
695 3862 749 3913 et
770 3855 929 3925 signa
960 3871 1105 3926 quae
1128 3856 1411 3928 pertinent

266 3923 337 3982 ad
364 3925 611 3998 speciem
638 3923 1005 3982 deficientem.
1052 3925 1213 3996 Quod
1238 3927 1287 3984 si
1319 3942 1415 3982 ex·

270 3993 545 4068 pectando
586 3993 937 4067 aliquamdiu
984 3993 1179 4052 haberi
1218 3997 1413 4069 possit,

270 4063 943 4208 ffitstinssupneirggagc
966 4064 1305 4124 sacrificium
1329 4081 1417 4123 re-

522 4153 543 4192 1
924 4177 935 4190 .

336 4237 423 4308 V.
476 4237 583 4310 De
620 4237 1021 4310 Defectibus
1062 4239 1347 4309 Fui-ma».

274 4347 321 4402 1.
452 4341 693 4402 Erectus
730 4359 803 4401 ex
840 4351 1005 4418 parte
1034 4341 1249 4402 formae
1266 4360 1419 4470 tPos-

474 4419 609 4474 sunt
644 4413 990 4486 contingere,
1024 4413 1073 4472 si
1089 4412 1265 4486 aliqui
1324 4412 1420 4472 de-

570 2735 785 2794 roferat.
816 2735 991 2794 verba
1034 2738 1411 2795 consecratio·
1446 2791 1447 2798 ,

1458 356 1528 410 sit
1570 370 1634 409 cx
1675 357 1740 410 iis·
1777 374 1918 425 quae
1961 354 2030 408 ad
2068 356 2446 409 inu-mitatem
2484 368 2604 407 vel·-

1462 424 1656 479 burnm
1696 428 1748 480 in
1791 428 1906 496 ipsa
1954 426 2374 478 ‹·‹·n-‹·‹·1·atio11‹·
2423 424 2604 491 requi·

1458 504 1677 551 runtur.
1729 495 1908 550 Verba
1936 506 2121 550 autem
2148 493 2603 557 consecrationis,

1459 580 1601 634 quae
1634 574 1760 621 sunt
1809 564 1990 621 forma
2033 565 2198 633 hujus
2239 562 2604 630 Sacramenti,

1437 635 1756 691 ‘sunthaecz
1785 634 2610 707 lim-vsi2-215111‹un-pusniuum.

1464 704 1574 761 Et:
1625 702 1730 759 lli·-
1777 718 1850 755 ..q
1907 706 2050 757 enin·¹
2105 706 2262 759 (fulix
2315 704 2610 765 sanguinis

1468 775 1833 829 11.‹·i.n‹›xi.‹-t
1871 774 2459 829 aete-rui1··-t;1::1··n¹.i:
2497 790 2612 841 luy-

1464 845 1694 898 sl=·1·i¹uil
1749 843 1896 897 lide-i.
1955 844 2046 911 qni
2099 864 2196 913 pr.»
2235 844 2470 899 umisa-1
2511 862 2610 914 1=l··›

1463 914 1652 967 multi-
1677 913 1912 969 ell'nndel
1929 932 1990 967 ni·
2013 915 2066 969 in
2091 916 2470 971 remi-sionem
2491 932 2614 985 pec-

1464 990 1738 1041 calorum.
1796 983 1854 1040 Si
1898 985 2022 1055 quis
2054 992 2239 1041 autem
2273 980 2488 1054 aliquid
2523 979 2606 1038 di-

1464 1056 1768 1115 minueret.
1813 1053 1900 1109 vel
1949 1056 2269 1111 immutaret
2315 1052 2383 1109 de
2427 1050 2609 1109 forma

1462 1124 1902 1181 consecrationis
1923 1122 2190 1196 Corporis
2215 1130 2269 1181 ct
2290 1122 2607 1193 Sanguinis,

1463 1202 1519 1253 et
1576 1195 1632 1251 in
1677 1195 1800 1251 iisa
1855 1192 2154 1251 verborum
2217 1194 2609 1250 innnutatione

1462 1263 1638 1321 verba
1684 1266 1826 1320 item
1873 1280 1987 1321 non
2030 1264 2440 1334 significarent,
2491 1278 2606 1318 non

1462 1333 1762 1391 conticeret
1788 1336 2230 1391 Sacramentum.
2265 1333 2325 1390 Si
2347 1348 2480 1389 vero
2504 1331 2608 1387 ali-

1462 1403 1598 1476 quid
1655 1403 1885 1461 adderet
1941 1404 2090 1475 quod
2139 1402 2606 1473 significationem

1462 1493 1575 1532 non
1609 1482 1872 1539 mutaret,
1906 1475 2206 1531 conficeret
2239 1472 2478 1544 quidem.
2512 1470 2610 1527 sed

1460 1547 1790 1618 gravissime
1813 1554 2088 1619 peccaret.

1533 1622 1583 1675 2.
1622 1616 1682 1675 Si
1705 1616 2012 1673 Celebrans
2043 1633 2154 1673 non
2189 1614 2520 1672 recordetur
2551 1629 2610 1671 se

1441 1687 1673 1745 edixisse
1725 1702 1828 1757 ea,
1882 1702 2023 1771 quae
2077 1688 2136 1743 in
2187 1685 2608 1742 consecrat-ione

1463 1760 1838 1815 communiter
1860 1756 2140 1823 dicuntur,
2165 1774 2276 1813 non
2293 1755 2456 1813 debet
2481 1772 2610 1837 pro:

1464 1833 1660 1901 pterea
1713 1826 1952 1886 turbari.
2015 1826 2074 1885 Si
2119 1835 2306 1885 tamen
2355 1830 2512 1883 certo
2557 1842 2610 1881 ει

1464 1905 1712 1963 constet,
1753 1914 1812 1956 sc
1851 1898 2104 1955 omisisse
2145 1896 2360 1973 aliquid
2397 1912 2610 1965 eorum,

1464 1984 1608 2039 quae
1631 1977 1762 2026 sunt.
1795 1967 1863 2025 de
1891 1968 2224 2025 necessitate
2243 1965 2611 2035 sacramenti,

1464 2038 1524 2095 id
1557 2047 1668 2105 est,
1715 2036 1952 2097 formam
1999 2038 2468 2097 consecrationis,
2511 2052 2610 2093 seu

1466 2116 1712 2181 partem:
1755 2115 2002 2166 resumat
2035 2109 2212 2181 ipsam
2245 2108 2510 2172 sormam,
2553 2112 2611 2163 et

1464 2187 1690 2236 caetera
1723 2185 2096 2251 prosequatur
2109 2194 2218 2261 per
2245 2177 2517 2235 ordinem.
2549 2174 2608 2233 Si

1432 2297 1433 2301 ,
1466 2264 1602 2307 vero
1635 2248 1800 2305 valde
1843 2246 2216 2321 probabiliter
2260 2246 2506 2313 dubitet,
2550 2260 2610 2302 se

1466 2318 1680 2389 aliquid
1701 2319 1998 2377 essentiale
2020 2319 2290 2381 omisisse,
2319 2318 2488 2375 iteret
2500 2313 2610 2373 for·

1466 2404 1613 2444 mam
1659 2389 1858 2447 saltem
1892 2386 1998 2447 sub
2042 2390 2218 2447 tacita
2267 2386 2609 2444 conditione.

1466 2454 1527 2514 Si
1568 2467 1756 2516 autem
1809 2476 1922 2517 non
1975 2464 2108 2517 sunt
2159 2457 2228 2514 de
2276 2456 2611 2515 necessitate

1466 2524 1833 2593 Sacramenti,
1863 2544 1978 2587 non
2001 2537 2264 2587 resumat.
2299 2526 2396 2584 sed
2416 2539 2612 2598 proce-

1464 2594 1564 2655 dat
1596 2597 1850 2657 ulterius,

1506 2700 1628 2772 VI.
1673 2693 1772 2762 Dc
1814 2692 2208 2762 Defectibus
2251 2688 2568 2758 Ministri.

1465 2809 1817 2939 DEfectus
1868 2823 1936 2864 ex
1983 2811 2146 2879 parte
2183 2807 2436 2864 Ministri
2483 2825 2611 2880 pos-

1621 2887 1748 2936 sunt
1779 2879 2105 2948 contingere
2129 2876 2310 2947 quoad
2342 2893 2434 2942 ea,
2469 2895 2610 2948 quae.

1465 2951 1522 3007 in
1579 2950 1701 3022 ipso
1759 2950 2142 3030 requiruntur.
2219 2947 2373 3004 llaec
2422 2955 2610 3004 autem

1466 3027 1622 3076 sunt:
1665 3019 1730 3075 In
1763 3019 1960 3091 primis
1992 3017 2258 3076 intentio.
2297 3017 2500 3073 deinde
2529 3017 2612 3074 di-

1466 3090 1702 3172 spositio
1741 3089 1979 3148 animae.
2021 3085 2314 3158 dispositio
2349 3103 2612 3152 corpora·

1466 3159 1553 3220 hs,
1576 3158 1872 3230 dispositio
1909 3158 2387 3226 vestimentorum,
2425 3156 2612 3229 dispo-

1466 3229 1598 3287 sitio
1643 3229 1702 3285 in
1747 3228 2068 3284 ministerio
2113 3227 2236 3297 ipso
2283 3227 2466 3298 quoad
2527 3243 2609 3284 ea.

1466 3298 1692 3370 quaein
1722 3299 1844 3372 ipso
1869 3303 2100 3369 possunt
2127 3311 2440 3353 occurrere.

1466 3401 1626 3470 VII.
1691 3397 1790 3466 De.
1837 3397 2126 3465 Deseetu
2191 3389 2608 3462 intentionis.

1472 3505 1642 3636 LSi
1691 3507 1816 3578 quis
1858 3522 1971 3562 non
2023 3505 2264 3562 intendit
2319 3504 2610 3566 conficere,

1671 3575 1766 3633 sed
1817 3575 2099 3632 delusorie
2145 3573 2361 3646 aliquid
2416 3591 2610 3644 agere:

1468 3646 1602 3703 item
1630 3646 1675 3702 si
1705 3645 1928 3717 aliquae
1959 3645 2191 3701 lIostiae
2228 3661 2294 3700 ex
2328 3645 2612 3702 oblivione

1468 3720 1794 3772 remaneant
1823 3716 1878 3772 in
1909 3715 2112 3773 Altari.
2149 3713 2234 3770 vel
2261 3713 2450 3788 aliqua
2481 3731 2614 3786 pars

1469 3787 1615 3852 vini,
1655 3785 1742 3841 vel
1783 3785 1972 3856 aliqua
2004 3785 2202 3841 Hostia
2245 3785 2447 3844 lateat.
2487 3801 2612 3840 cum

1470 3872 1582 3911 non
1632 3854 1885 3912 intendat
1928 3871 2258 3911 consecrare
2311 3856 2420 3912 nisi
2476 3871 2614 3925 quas

1470 3924 1650 3982 videt:
1687 3926 1820 3983 item
1849 3925 1894 3980 si
1937 3925 2061 3996 quis
2097 3923 2302 3980 habeat.
2329 3941 2518 3981 coram
2555 3941 2616 3980 se

1470 3994 1730 4051 undecim
1760 3994 2012 4052 llostiaS.
2052 4000 2104 4050 et
2137 3993 2391 4050 intendat
2426 4009 2618 4050 conse-

1471 4081 1632 4122 crare
1657 4064 1836 4121 solum
1864 4063 2070 4125 decem.
2095 4079 2208 4120 non
2236 4063 2618 4120 determinans

1471 4151 1611 4208 quas
1642 4133 1832 4191 decem
1867 4133 2136 4191 intendit:
2177 4135 2234 4190 in
2273 4133 2362 4190 his
2396 4133 2618 4190 casibus

1473 4222 1584 4262 non
1612 4209 1920 4272 consecrat,
1947 4203 2080 4275 quia
2105 4204 2415 4274 requiritur
2437 4204 2619 4259 inten-

1472 4277 1572 4333 tio.
1629 4273 1800 4331 Secus
1828 4275 1874 4331 si
1901 4281 2108 4346 putans
2171 4271 2358 4330 uidem
2385 4289 2506 4330 esse
2525 4273 2618 4329 de-

1474 4361 1612 4413 cem,
1638 4350 1828 4401 tamen
1856 4359 2050 4401 omnes
2069 4359 2140 4400 vo
2163 4343 2250 4400 uit.
2267 4357 2616 4404 consecrare,

1474 4429 1614 4488 quas
1653 4427 1844 4470 coram
1881 4427 1942 4470 se
1981 4409 2256 4470 habebat:
2307 4427 2439 4469 nam
2483 4417 2619 4468 tunc

1414 4541 1469 4580 63
