<?xml version="1.0" encoding="UTF-8"?>
<!DOCTYPE html PUBLIC "-//W3C//DTD XHTML 1.0 Transitional//EN"
    "http://www.w3.org/TR/xhtml1/DTD/xhtml1-transitional.dtd">
<html xmlns="http://www.w3.org/1999/xhtml" xml:lang="en" lang="en">
 <head>
  <title>
</title>
<meta http-equiv="Content-Type" content="text/html;charset=utf-8" />
  <meta name='ocr-system' content='tesseract 3.04.00' />
  <meta name='ocr-capabilities' content='ocr_page ocr_carea ocr_par ocr_line ocrx_word'/>
</head>
<body>
  <div class='ocr_page' id='page_1' title='image "./missaleromanume00churgoog_0174.png"; bbox 0 0 3025 5400; ppageno 0'>
   <div class='ocr_carea' id='block_1_1' title="bbox 319 530 1309 619">
    <p class='ocr_par' dir='ltr' id='par_1_1' title="bbox 319 530 1309 619">
     <span class='ocr_line' id='line_1_1' title="bbox 319 530 1309 619; baseline -0.002 -22"><span class='ocrx_word' id='word_1_1' title='bbox 319 536 408 597; x_wconf 78' lang='lat' dir='ltr'>Feria</span> <span class='ocrx_word' id='word_1_2' title='bbox 430 536 468 597; x_wconf 85' lang='lat' dir='ltr'>li.</span> <span class='ocrx_word' id='word_1_3' title='bbox 493 546 561 615; x_wconf 85' lang='lat' dir='ltr'>pust</span> <span class='ocrx_word' id='word_1_4' title='bbox 581 536 769 598; x_wconf 84' lang='lat' dir='ltr'>Dominicam</span> <span class='ocrx_word' id='word_1_5' title='bbox 795 538 843 598; x_wconf 83' lang='lat' dir='ltr'>HI.</span> <span class='ocrx_word' id='word_1_6' title='bbox 869 534 1122 619; x_wconf 71' lang='lat' dir='ltr'>Quadrugesimm.</span> <span class='ocrx_word' id='word_1_7' title='bbox 1156 530 1159 537; x_wconf 77' lang='lat'>&#39;</span> <span class='ocrx_word' id='word_1_8' title='bbox 1267 532 1309 599; x_wconf 74' lang='lat'>89</span> 
     </span>
    </p>
   </div>
   <div class='ocr_carea' id='block_1_2' title="bbox 89 636 1322 4778">
    <p class='ocr_par' dir='ltr' id='par_1_2' title="bbox 130 636 1309 1196">
     <span class='ocr_line' id='line_1_2' title="bbox 130 636 1305 661; baseline -0.003 -10"><span class='ocrx_word' id='word_1_9' title='bbox 130 636 1305 661; x_wconf 65' lang='lat'><em>—----—---—--——</em></span> 
     </span>
     <span class='ocr_line' id='line_1_3' title="bbox 130 669 1309 758; baseline -0.003 -15"><span class='ocrx_word' id='word_1_10' title='bbox 130 671 270 757; x_wconf 76' lang='lat' dir='ltr'>timebo,</span> <span class='ocrx_word' id='word_1_11' title='bbox 309 670 368 742; x_wconf 89' lang='lat' dir='ltr'>uid</span> <span class='ocrx_word' id='word_1_12' title='bbox 383 670 486 742; x_wconf 75' lang='lat' dir='ltr'>ficiat</span> <span class='ocrx_word' id='word_1_13' title='bbox 501 672 583 741; x_wconf 91' lang='lat' dir='ltr'>mihi</span> <span class='ocrx_word' id='word_1_14' title='bbox 597 671 707 743; x_wconf 83' lang='lat' dir='ltr'>humo.</span> <span class='ocrx_word' id='word_1_15' title='bbox 736 691 863 749; x_wconf 79' lang='lat' dir='ltr'>meum,</span> <span class='ocrx_word' id='word_1_16' title='bbox 890 678 929 738; x_wconf 92' lang='lat' dir='ltr'>ut</span> <span class='ocrx_word' id='word_1_17' title='bbox 957 689 1054 738; x_wconf 79' lang='lat' dir='ltr'>eures</span> <span class='ocrx_word' id='word_1_18' title='bbox 1075 690 1189 738; x_wconf 79' lang='lat' dir='ltr'>eume</span> <span class='ocrx_word' id='word_1_19' title='bbox 1214 669 1309 758; x_wconf 82' lang='lat' dir='ltr'>lepra</span> 
     </span>
     <span class='ocr_line' id='line_1_4' title="bbox 133 756 1309 848; baseline -0.004 -17"><span class='ocrx_word' id='word_1_20' title='bbox 133 761 240 831; x_wconf 87' lang='lat' dir='ltr'>Psib.</span> <span class='ocrx_word' id='word_1_21' title='bbox 252 762 277 831; x_wconf 78' lang='lat' dir='ltr'>d</span> <span class='ocrx_word' id='word_1_22' title='bbox 290 758 611 848; x_wconf 76' lang='lat' dir='ltr'>rsereremei‚DeuS‚</span> <span class='ocrx_word' id='word_1_23' title='bbox 624 760 708 848; x_wconf 85' lang='lat' dir='ltr'>qud·</span> <span class='ocrx_word' id='word_1_24' title='bbox 736 779 808 828; x_wconf 88' lang='lat' dir='ltr'>sua.</span> <span class='ocrx_word' id='word_1_25' title='bbox 855 756 1007 846; x_wconf 81' lang='lat' dir='ltr'>Cumque</span> <span class='ocrx_word' id='word_1_26' title='bbox 1026 757 1164 844; x_wconf 69' lang='lat' dir='ltr'>legisset</span> <span class='ocrx_word' id='word_1_27' title='bbox 1183 778 1242 826; x_wconf 82' lang='lat' dir='ltr'>rex</span> <span class='ocrx_word' id='word_1_28' title='bbox 1261 757 1309 826; x_wconf 90' lang='lat' dir='ltr'>ls-</span> 
     </span>
     <span class='ocr_line' id='line_1_5' title="bbox 133 844 1308 933; baseline -0.003 -16"><span class='ocrx_word' id='word_1_29' title='bbox 133 848 220 917; x_wconf 84' lang='lat' dir='ltr'>uiam</span> <span class='ocrx_word' id='word_1_30' title='bbox 257 846 469 917; x_wconf 71' lang='lat' dir='ltr'>conculcavit</span> <span class='ocrx_word' id='word_1_31' title='bbox 499 867 552 916; x_wconf 92' lang='lat' dir='ltr'>me</span> <span class='ocrx_word' id='word_1_32' title='bbox 585 847 706 917; x_wconf 87' lang='lat' dir='ltr'>humo:</span> <span class='ocrx_word' id='word_1_33' title='bbox 735 846 807 916; x_wconf 83' lang='lat' dir='ltr'>rael</span> <span class='ocrx_word' id='word_1_34' title='bbox 823 846 968 933; x_wconf 82' lang='lat' dir='ltr'>litteras,</span> <span class='ocrx_word' id='word_1_35' title='bbox 991 844 1090 914; x_wconf 81' lang='lat' dir='ltr'>scidit</span> <span class='ocrx_word' id='word_1_36' title='bbox 1109 845 1308 915; x_wconf 71' lang='lat' dir='ltr'>uestimenta</span> 
     </span>
     <span class='ocr_line' id='line_1_6' title="bbox 131 931 1308 1022; baseline -0.003 -17"><span class='ocrx_word' id='word_1_37' title='bbox 131 940 203 1005; x_wconf 79' lang='lat' dir='ltr'>tou</span> <span class='ocrx_word' id='word_1_38' title='bbox 223 934 281 1004; x_wconf 87' lang='lat' dir='ltr'>die</span> <span class='ocrx_word' id='word_1_39' title='bbox 301 933 431 1005; x_wconf 87' lang='lat' dir='ltr'>bellans</span> <span class='ocrx_word' id='word_1_40' title='bbox 449 934 625 1005; x_wconf 72' lang='lat' dir='ltr'>tribulavit</span> <span class='ocrx_word' id='word_1_41' title='bbox 642 954 707 1004; x_wconf 92' lang='lat' dir='ltr'>me.</span> <span class='ocrx_word' id='word_1_42' title='bbox 736 955 818 1020; x_wconf 85' lang='lat' dir='ltr'>sua,</span> <span class='ocrx_word' id='word_1_43' title='bbox 850 940 882 1002; x_wconf 90' lang='lat' dir='ltr'>et</span> <span class='ocrx_word' id='word_1_44' title='bbox 912 934 979 1000; x_wconf 85' lang='lat' dir='ltr'>ait:</span> <span class='ocrx_word' id='word_1_45' title='bbox 1010 931 1184 1022; x_wconf 86' lang='lat' dir='ltr'>Numquid</span> <span class='ocrx_word' id='word_1_46' title='bbox 1215 932 1308 1002; x_wconf 87' lang='lat' dir='ltr'>Deus</span> 
     </span>
     <span class='ocr_line' id='line_1_7' title="bbox 130 1019 1307 1109; baseline 0.002 -22"><span class='ocrx_word' id='word_1_47' title='bbox 130 1022 170 1089; x_wconf 70' lang='lat' dir='ltr'>ii..</span> <span class='ocrx_word' id='word_1_48' title='bbox 190 1020 312 1093; x_wconf 85' lang='lat' dir='ltr'>Gldriu</span> <span class='ocrx_word' id='word_1_49' title='bbox 327 1021 432 1092; x_wconf 83' lang='lat' dir='ltr'>Patri.</span> <span class='ocrx_word' id='word_1_50' title='bbox 736 1043 798 1109; x_wconf 71' lang='lat' dir='ltr'>ego</span> <span class='ocrx_word' id='word_1_51' title='bbox 818 1042 906 1103; x_wconf 84' lang='lat' dir='ltr'>sum,</span> <span class='ocrx_word' id='word_1_52' title='bbox 932 1027 968 1089; x_wconf 90' lang='lat' dir='ltr'>ut</span> <span class='ocrx_word' id='word_1_53' title='bbox 991 1019 1144 1090; x_wconf 74' lang='lat' dir='ltr'>occidere</span> <span class='ocrx_word' id='word_1_54' title='bbox 1171 1021 1307 1108; x_wconf 82' lang='lat' dir='ltr'>possim,</span> 
     </span>
     <span class='ocr_line' id='line_1_8' title="bbox 358 1108 1309 1196; baseline -0.003 -17"><span class='ocrx_word' id='word_1_55' title='bbox 358 1109 487 1179; x_wconf 83' lang='lat' dir='ltr'>Oratio.</span> <span class='ocrx_word' id='word_1_56' title='bbox 736 1118 769 1179; x_wconf 88' lang='lat' dir='ltr'>et</span> <span class='ocrx_word' id='word_1_57' title='bbox 801 1109 990 1195; x_wconf 75' lang='lat' dir='ltr'>irrideam,</span> <span class='ocrx_word' id='word_1_58' title='bbox 1022 1110 1100 1196; x_wconf 88' lang='lat' dir='ltr'>quia</span> <span class='ocrx_word' id='word_1_59' title='bbox 1126 1109 1189 1176; x_wconf 85' lang='lat' dir='ltr'>iste</span> <span class='ocrx_word' id='word_1_60' title='bbox 1218 1108 1309 1176; x_wconf 83' lang='lat' dir='ltr'>misit</span> 
     </span>
    </p>

    <p class='ocr_par' dir='ltr' id='par_1_3' title="bbox 126 1196 1308 2073">
     <span class='ocr_line' id='line_1_9' title="bbox 238 1196 1307 1286; baseline -0.002 -20"><span class='ocrx_word' id='word_1_61' title='bbox 238 1196 339 1267; x_wconf 87' lang='lat' dir='ltr'>dibus</span> <span class='ocrx_word' id='word_1_62' title='bbox 352 1197 496 1284; x_wconf 86' lang='lat' dir='ltr'>nostris,</span> <span class='ocrx_word' id='word_1_63' title='bbox 516 1217 708 1286; x_wconf 80' lang='lat' dir='ltr'>quaesumus</span> <span class='ocrx_word' id='word_1_64' title='bbox 735 1197 867 1284; x_wconf 86' lang='lat' dir='ltr'>adme,</span> <span class='ocrx_word' id='word_1_65' title='bbox 896 1202 934 1265; x_wconf 90' lang='lat' dir='ltr'>ut</span> <span class='ocrx_word' id='word_1_66' title='bbox 957 1217 1070 1265; x_wconf 83' lang='lat' dir='ltr'>eurem</span> <span class='ocrx_word' id='word_1_67' title='bbox 1094 1196 1262 1266; x_wconf 77' lang='lat' dir='ltr'>huminem</span> <span class='ocrx_word' id='word_1_68' title='bbox 1287 1215 1307 1264; x_wconf 85' lang='lat' dir='ltr'>a</span> 
     </span>
     <span class='ocr_line' id='line_1_10' title="bbox 203 1284 1308 1441; baseline -0.004 -86"><span class='ocrx_word' id='word_1_69' title='bbox 203 1284 363 1371; x_wconf 71' lang='lat' dir='ltr'>Dumna,</span> <span class='ocrx_word' id='word_1_70' title='bbox 378 1285 526 1441; x_wconf 54' lang='lat' dir='ltr'>ffrttiam</span> <span class='ocrx_word' id='word_1_71' title='bbox 542 1294 633 1354; x_wconf 81' lang='lat' dir='ltr'>trium</span> <span class='ocrx_word' id='word_1_72' title='bbox 648 1284 707 1355; x_wconf 92' lang='lat' dir='ltr'>be-</span> <span class='ocrx_word' id='word_1_73' title='bbox 735 1286 832 1374; x_wconf 83' lang='lat' dir='ltr'>lepra</span> <span class='ocrx_word' id='word_1_74' title='bbox 860 1286 945 1354; x_wconf 80' lang='lat' dir='ltr'>suu?</span> <span class='ocrx_word' id='word_1_75' title='bbox 973 1284 1248 1369; x_wconf 71' lang='lat' dir='ltr'>animadvertite,</span> <span class='ocrx_word' id='word_1_76' title='bbox 1274 1289 1308 1352; x_wconf 88' lang='lat' dir='ltr'>et</span> 
     </span>
     <span class='ocr_line' id='line_1_11' title="bbox 128 1370 1307 1462; baseline -0.003 -20"><span class='ocrx_word' id='word_1_77' title='bbox 128 1373 258 1462; x_wconf 78' lang='lat' dir='ltr'>nigrius</span> <span class='ocrx_word' id='word_1_78' title='bbox 281 1370 376 1442; x_wconf 85' lang='lat' dir='ltr'>iufim</span> <span class='ocrx_word' id='word_1_79' title='bbox 402 1392 435 1441; x_wconf 92' lang='lat' dir='ltr'>e:</span> <span class='ocrx_word' id='word_1_80' title='bbox 472 1378 523 1453; x_wconf 81' lang='lat' dir='ltr'>ut,</span> <span class='ocrx_word' id='word_1_81' title='bbox 558 1373 644 1442; x_wconf 83' lang='lat' dir='ltr'>sieut</span> <span class='ocrx_word' id='word_1_82' title='bbox 664 1374 707 1443; x_wconf 90' lang='lat' dir='ltr'>ab</span> <span class='ocrx_word' id='word_1_83' title='bbox 734 1372 861 1459; x_wconf 76' lang='lat' dir='ltr'>vidite,</span> <span class='ocrx_word' id='word_1_84' title='bbox 889 1371 978 1461; x_wconf 90' lang='lat' dir='ltr'>quod</span> <span class='ocrx_word' id='word_1_85' title='bbox 1002 1372 1191 1441; x_wconf 74' lang='lat' dir='ltr'>‹ieeasidnes</span> <span class='ocrx_word' id='word_1_86' title='bbox 1216 1391 1307 1460; x_wconf 80' lang='lat' dir='ltr'>quee-</span> 
     </span>
     <span class='ocr_line' id='line_1_12' title="bbox 128 1458 1307 1547; baseline -0.002 -18"><span class='ocrx_word' id='word_1_87' title='bbox 128 1462 220 1531; x_wconf 83' lang='lat' dir='ltr'>escis</span> <span class='ocrx_word' id='word_1_88' title='bbox 257 1458 450 1531; x_wconf 73' lang='lat' dir='ltr'>earuilibus</span> <span class='ocrx_word' id='word_1_89' title='bbox 485 1461 707 1547; x_wconf 55' lang='lat' dir='ltr'>abstinemus</span> <span class='ocrx_word' id='word_1_90' title='bbox 735 1467 791 1530; x_wconf 87' lang='lat' dir='ltr'>rat</span> <span class='ocrx_word' id='word_1_91' title='bbox 812 1461 991 1530; x_wconf 77' lang='lat' dir='ltr'>adversum</span> <span class='ocrx_word' id='word_1_92' title='bbox 1016 1480 1079 1528; x_wconf 89' lang='lat' dir='ltr'>me.</span> <span class='ocrx_word' id='word_1_93' title='bbox 1113 1458 1307 1544; x_wconf 71' lang='lat' dir='ltr'>quodcum</span> 
     </span>
     <span class='ocr_line' id='line_1_13' title="bbox 126 1546 1307 1636; baseline -0.003 -18"><span class='ocrx_word' id='word_1_94' title='bbox 126 1549 179 1618; x_wconf 84' lang='lat' dir='ltr'>ite</span> <span class='ocrx_word' id='word_1_95' title='bbox 211 1568 333 1617; x_wconf 85' lang='lat' dir='ltr'>sensus</span> <span class='ocrx_word' id='word_1_96' title='bbox 360 1568 492 1636; x_wconf 86' lang='lat' dir='ltr'>quoque</span> <span class='ocrx_word' id='word_1_97' title='bbox 524 1555 657 1618; x_wconf 86' lang='lat' dir='ltr'>nostrus</span> <span class='ocrx_word' id='word_1_98' title='bbox 689 1570 708 1617; x_wconf 87' lang='lat' dir='ltr'>a</span> <span class='ocrx_word' id='word_1_99' title='bbox 735 1547 886 1617; x_wconf 79' lang='lat' dir='ltr'>audisset</span> <span class='ocrx_word' id='word_1_100' title='bbox 908 1547 1042 1616; x_wconf 75' lang='lat' dir='ltr'>illisius</span> <span class='ocrx_word' id='word_1_101' title='bbox 1060 1547 1113 1615; x_wconf 82' lang='lat' dir='ltr'>uir</span> <span class='ocrx_word' id='word_1_102' title='bbox 1135 1546 1214 1621; x_wconf 82' lang='lat' dir='ltr'>Dei,</span> <span class='ocrx_word' id='word_1_103' title='bbox 1243 1546 1307 1616; x_wconf 89' lang='lat' dir='ltr'>sci-</span> 
     </span>
     <span class='ocr_line' id='line_1_14' title="bbox 127 1624 1305 1720; baseline -0.003 -15"><span class='ocrx_word' id='word_1_104' title='bbox 127 1636 242 1705; x_wconf 82' lang='lat' dir='ltr'>ndriis</span> <span class='ocrx_word' id='word_1_105' title='bbox 265 1635 479 1705; x_wconf 73' lang='lat' dir='ltr'>retrahimus</span> <span class='ocrx_word' id='word_1_106' title='bbox 503 1636 707 1706; x_wconf 73' lang='lat' dir='ltr'>excessibus.</span> <span class='ocrx_word' id='word_1_107' title='bbox 736 1636 824 1706; x_wconf 85' lang='lat' dir='ltr'>disse</span> <span class='ocrx_word' id='word_1_108' title='bbox 859 1634 1017 1704; x_wconf 73' lang='lat' dir='ltr'>videlieet</span> <span class='ocrx_word' id='word_1_109' title='bbox 1051 1655 1165 1720; x_wconf 74' lang='lat' dir='ltr'>regem</span> <span class='ocrx_word' id='word_1_110' title='bbox 1200 1624 1305 1702; x_wconf 83' lang='lat' dir='ltr'>israel</span> 
     </span>
     <span class='ocr_line' id='line_1_15' title="bbox 129 1720 1306 1807; baseline -0.003 -15"><span class='ocrx_word' id='word_1_111' title='bbox 129 1722 198 1793; x_wconf 80' lang='lat' dir='ltr'>Per</span> <span class='ocrx_word' id='word_1_112' title='bbox 217 1722 411 1792; x_wconf 83' lang='lat' dir='ltr'>deiuum.</span> <span class='ocrx_word' id='word_1_113' title='bbox 734 1725 935 1792; x_wconf 79' lang='lat' dir='ltr'>rustimduta</span> <span class='ocrx_word' id='word_1_114' title='bbox 958 1743 1026 1807; x_wconf 81' lang='lat' dir='ltr'>sua,</span> <span class='ocrx_word' id='word_1_115' title='bbox 1048 1722 1140 1790; x_wconf 84' lang='lat' dir='ltr'>misit</span> <span class='ocrx_word' id='word_1_116' title='bbox 1160 1720 1203 1790; x_wconf 90' lang='lat' dir='ltr'>ad</span> <span class='ocrx_word' id='word_1_117' title='bbox 1220 1742 1306 1807; x_wconf 87' lang='lat' dir='ltr'>eum,</span> 
     </span>
     <span class='ocr_line' id='line_1_16' title="bbox 155 1808 1306 1897; baseline -0.003 -19"><span class='ocrx_word' id='word_1_118' title='bbox 155 1808 706 1895; x_wconf 62' lang='lat' dir='ltr'>:iliadum-idries,utqueriaiu.</span> <span class='ocrx_word' id='word_1_119' title='bbox 735 1811 868 1881; x_wconf 78' lang='lat' dir='ltr'>dicens:</span> <span class='ocrx_word' id='word_1_120' title='bbox 905 1809 1016 1897; x_wconf 81' lang='lat' dir='ltr'>Quare</span> <span class='ocrx_word' id='word_1_121' title='bbox 1044 1808 1170 1878; x_wconf 82' lang='lat' dir='ltr'>scidisti</span> <span class='ocrx_word' id='word_1_122' title='bbox 1204 1808 1306 1878; x_wconf 79' lang='lat' dir='ltr'>resti-</span> 
     </span>
     <span class='ocr_line' id='line_1_17' title="bbox 133 1897 1306 1982; baseline -0.003 -16"><span class='ocrx_word' id='word_1_123' title='bbox 133 1898 307 1969; x_wconf 74' lang='lat' dir='ltr'>(sinerum.</span> <span class='ocrx_word' id='word_1_124' title='bbox 332 1898 388 1967; x_wconf 85' lang='lat' dir='ltr'>ful.</span> <span class='ocrx_word' id='word_1_125' title='bbox 404 1899 457 1967; x_wconf 81' lang='lat'>53.</span> <span class='ocrx_word' id='word_1_126' title='bbox 733 1901 847 1968; x_wconf 73' lang='lat' dir='ltr'>mima</span> <span class='ocrx_word' id='word_1_127' title='bbox 870 1900 949 1967; x_wconf 83' lang='lat' dir='ltr'>tua?</span> <span class='ocrx_word' id='word_1_128' title='bbox 979 1898 1092 1966; x_wconf 72' lang='lat' dir='ltr'>ueniat</span> <span class='ocrx_word' id='word_1_129' title='bbox 1116 1897 1157 1965; x_wconf 89' lang='lat' dir='ltr'>ad</span> <span class='ocrx_word' id='word_1_130' title='bbox 1182 1917 1248 1982; x_wconf 78' lang='lat' dir='ltr'>me,</span> <span class='ocrx_word' id='word_1_131' title='bbox 1273 1901 1306 1964; x_wconf 80' lang='lat' dir='ltr'>et</span> 
     </span>
     <span class='ocr_line' id='line_1_18' title="bbox 162 1974 1305 2073; baseline -0.003 -18"><span class='ocrx_word' id='word_1_132' title='bbox 162 1984 280 2055; x_wconf 60' lang='lat' dir='ltr'>[detio</span> <span class='ocrx_word' id='word_1_133' title='bbox 298 1974 377 2055; x_wconf 84' lang='lat' dir='ltr'>libri</span> <span class='ocrx_word' id='word_1_134' title='bbox 391 1984 532 2069; x_wconf 69' lang='lat' dir='ltr'>Regum.</span> <span class='ocrx_word' id='word_1_135' title='bbox 560 1988 591 2053; x_wconf 76' lang='lat'>4.</span> <span class='ocrx_word' id='word_1_136' title='bbox 606 2006 634 2054; x_wconf 84' lang='lat' dir='ltr'>e.</span> <span class='ocrx_word' id='word_1_137' title='bbox 647 1989 677 2051; x_wconf 72' lang='grc' dir='ltr'>τ’).</span> <span class='ocrx_word' id='word_1_138' title='bbox 735 1987 819 2057; x_wconf 86' lang='lat' dir='ltr'>sciat</span> <span class='ocrx_word' id='word_1_139' title='bbox 831 2006 904 2055; x_wconf 88' lang='lat' dir='ltr'>esse</span> <span class='ocrx_word' id='word_1_140' title='bbox 921 1985 1125 2073; x_wconf 72' lang='lat' dir='ltr'>prophetam</span> <span class='ocrx_word' id='word_1_141' title='bbox 1143 1985 1175 2052; x_wconf 92' lang='lat' dir='ltr'>iu</span> <span class='ocrx_word' id='word_1_142' title='bbox 1189 1984 1305 2053; x_wconf 85' lang='lat' dir='ltr'>israel.</span> 
     </span>
    </p>

    <p class='ocr_par' dir='ltr' id='par_1_4' title="bbox 170 2071 1307 2249">
     <span class='ocr_line' id='line_1_19' title="bbox 170 2071 1307 2173; baseline -0.003 -30"><span class='ocrx_word' id='word_1_143' title='bbox 170 2106 186 2143; x_wconf 68' lang='lat' dir='ltr'>i</span> <span class='ocrx_word' id='word_1_144' title='bbox 219 2072 341 2143; x_wconf 72' lang='lat' dir='ltr'>diibus</span> <span class='ocrx_word' id='word_1_145' title='bbox 352 2071 434 2141; x_wconf 90' lang='lat' dir='ltr'>illis:</span> <span class='ocrx_word' id='word_1_146' title='bbox 447 2072 600 2143; x_wconf 76' lang='lat' dir='ltr'>Niamau</span> <span class='ocrx_word' id='word_1_147' title='bbox 614 2072 707 2160; x_wconf 84' lang='lat' dir='ltr'>prin-</span> <span class='ocrx_word' id='word_1_148' title='bbox 734 2073 838 2143; x_wconf 85' lang='lat' dir='ltr'>Venit</span> <span class='ocrx_word' id='word_1_149' title='bbox 854 2074 1098 2161; x_wconf 71' lang='lat' dir='ltr'>erguNdamau</span> <span class='ocrx_word' id='word_1_150' title='bbox 1120 2094 1194 2142; x_wconf 79' lang='lat' dir='ltr'>eum</span> <span class='ocrx_word' id='word_1_151' title='bbox 1212 2072 1307 2173; x_wconf 88' lang='lat' dir='ltr'>equis</span> 
     </span>
     <span class='ocr_line' id='line_1_20' title="bbox 199 2159 1306 2249; baseline -0.004 -18"><span class='ocrx_word' id='word_1_152' title='bbox 199 2180 282 2249; x_wconf 78' lang='lat' dir='ltr'>ceps</span> <span class='ocrx_word' id='word_1_153' title='bbox 309 2160 440 2229; x_wconf 86' lang='lat' dir='ltr'>militiae</span> <span class='ocrx_word' id='word_1_154' title='bbox 469 2161 560 2247; x_wconf 79' lang='lat' dir='ltr'>regis</span> <span class='ocrx_word' id='word_1_155' title='bbox 590 2159 706 2247; x_wconf 72' lang='lat' dir='ltr'>Suriae,</span> <span class='ocrx_word' id='word_1_156' title='bbox 735 2167 769 2231; x_wconf 88' lang='lat' dir='ltr'>et</span> <span class='ocrx_word' id='word_1_157' title='bbox 782 2162 946 2244; x_wconf 78' lang='lat' dir='ltr'>curribus,</span> <span class='ocrx_word' id='word_1_158' title='bbox 966 2168 1001 2230; x_wconf 85' lang='lat' dir='ltr'>et</span> <span class='ocrx_word' id='word_1_159' title='bbox 1017 2161 1112 2229; x_wconf 86' lang='lat' dir='ltr'>stetit</span> <span class='ocrx_word' id='word_1_160' title='bbox 1126 2159 1168 2229; x_wconf 92' lang='lat' dir='ltr'>ad</span> <span class='ocrx_word' id='word_1_161' title='bbox 1183 2161 1306 2228; x_wconf 80' lang='lat' dir='ltr'>‹istrum</span> 
     </span>
    </p>

    <p class='ocr_par' dir='ltr' id='par_1_5' title="bbox 89 2234 1322 4778">
     <span class='ocr_line' id='line_1_21' title="bbox 89 2234 1307 2336; baseline -0.002 -18"><span class='ocrx_word' id='word_1_162' title='bbox 89 2278 91 2289; x_wconf 92' lang='lat'>·</span> <span class='ocrx_word' id='word_1_163' title='bbox 135 2256 207 2318; x_wconf 87' lang='lat' dir='ltr'>erat.</span> <span class='ocrx_word' id='word_1_164' title='bbox 231 2248 286 2316; x_wconf 82' lang='lat' dir='ltr'>rir</span> <span class='ocrx_word' id='word_1_165' title='bbox 315 2267 457 2336; x_wconf 82' lang='lat' dir='ltr'>maguus</span> <span class='ocrx_word' id='word_1_166' title='bbox 484 2246 573 2336; x_wconf 82' lang='lat' dir='ltr'>apud</span> <span class='ocrx_word' id='word_1_167' title='bbox 600 2234 706 2316; x_wconf 86' lang='lat' dir='ltr'>ddmi-</span> <span class='ocrx_word' id='word_1_168' title='bbox 734 2249 854 2318; x_wconf 83' lang='lat' dir='ltr'>dumus</span> <span class='ocrx_word' id='word_1_169' title='bbox 896 2248 1022 2318; x_wconf 83' lang='lat' dir='ltr'>Eiisdi:</span> <span class='ocrx_word' id='word_1_170' title='bbox 1070 2248 1227 2336; x_wconf 81' lang='lat' dir='ltr'>misitque</span> <span class='ocrx_word' id='word_1_171' title='bbox 1263 2246 1307 2316; x_wconf 87' lang='lat' dir='ltr'>ad</span> 
     </span>
     <span class='ocr_line' id='line_1_22' title="bbox 135 2335 1303 2424; baseline -0.002 -19"><span class='ocrx_word' id='word_1_172' title='bbox 135 2356 342 2423; x_wconf 76' lang='lat' dir='ltr'>nummum,</span> <span class='ocrx_word' id='word_1_173' title='bbox 361 2342 396 2403; x_wconf 95' lang='lat' dir='ltr'>et</span> <span class='ocrx_word' id='word_1_174' title='bbox 416 2335 614 2405; x_wconf 79' lang='lat' dir='ltr'>honoratus:</span> <span class='ocrx_word' id='word_1_175' title='bbox 645 2355 707 2424; x_wconf 86' lang='lat' dir='ltr'>per</span> <span class='ocrx_word' id='word_1_176' title='bbox 735 2357 808 2404; x_wconf 85' lang='lat' dir='ltr'>eum</span> <span class='ocrx_word' id='word_1_177' title='bbox 828 2336 962 2405; x_wconf 80' lang='lat' dir='ltr'>Elisius</span> <span class='ocrx_word' id='word_1_178' title='bbox 981 2337 1149 2423; x_wconf 80' lang='lat' dir='ltr'>mintium,</span> <span class='ocrx_word' id='word_1_179' title='bbox 1174 2336 1303 2405; x_wconf 84' lang='lat' dir='ltr'>diceus:</span> 
     </span>
     <span class='ocr_line' id='line_1_23' title="bbox 136 2421 1305 2511; baseline -0.003 -18"><span class='ocrx_word' id='word_1_180' title='bbox 136 2423 224 2493; x_wconf 88' lang='lat' dir='ltr'>illum</span> <span class='ocrx_word' id='word_1_181' title='bbox 246 2423 337 2493; x_wconf 92' lang='lat' dir='ltr'>euim</span> <span class='ocrx_word' id='word_1_182' title='bbox 360 2422 454 2492; x_wconf 85' lang='lat' dir='ltr'>dedit</span> <span class='ocrx_word' id='word_1_183' title='bbox 471 2421 634 2491; x_wconf 80' lang='lat' dir='ltr'>Dtimiuus</span> <span class='ocrx_word' id='word_1_184' title='bbox 654 2442 706 2491; x_wconf 85' lang='lat' dir='ltr'>su·</span> <span class='ocrx_word' id='word_1_185' title='bbox 734 2423 841 2510; x_wconf 79' lang='lat' dir='ltr'>Vade,</span> <span class='ocrx_word' id='word_1_186' title='bbox 858 2431 890 2492; x_wconf 92' lang='lat' dir='ltr'>et</span> <span class='ocrx_word' id='word_1_187' title='bbox 907 2424 1020 2493; x_wconf 74' lang='lat' dir='ltr'>iurare</span> <span class='ocrx_word' id='word_1_188' title='bbox 1038 2424 1164 2511; x_wconf 79' lang='lat' dir='ltr'>sdpties</span> <span class='ocrx_word' id='word_1_189' title='bbox 1176 2424 1208 2491; x_wconf 92' lang='lat' dir='ltr'>iu</span> <span class='ocrx_word' id='word_1_190' title='bbox 1225 2422 1247 2491; x_wconf 88' lang='lat' dir='ltr'>J</span> <span class='ocrx_word' id='word_1_191' title='bbox 1250 2443 1305 2491; x_wconf 89' lang='lat' dir='ltr'>ur·</span> 
     </span>
     <span class='ocr_line' id='line_1_24' title="bbox 137 2510 1305 2600; baseline -0.003 -19"><span class='ocrx_word' id='word_1_192' title='bbox 137 2512 235 2582; x_wconf 78' lang='lat' dir='ltr'>iidem</span> <span class='ocrx_word' id='word_1_193' title='bbox 261 2510 390 2600; x_wconf 77' lang='lat' dir='ltr'>Syriae:</span> <span class='ocrx_word' id='word_1_194' title='bbox 420 2515 493 2579; x_wconf 88' lang='lat' dir='ltr'>erat</span> <span class='ocrx_word' id='word_1_195' title='bbox 517 2515 628 2579; x_wconf 89' lang='lat' dir='ltr'>autem</span> <span class='ocrx_word' id='word_1_196' title='bbox 653 2511 706 2578; x_wconf 82' lang='lat' dir='ltr'>vir</span> <span class='ocrx_word' id='word_1_197' title='bbox 734 2511 840 2581; x_wconf 78' lang='lat' dir='ltr'>diue:</span> <span class='ocrx_word' id='word_1_198' title='bbox 881 2519 913 2579; x_wconf 86' lang='lat' dir='ltr'>et</span> <span class='ocrx_word' id='word_1_199' title='bbox 953 2512 1095 2599; x_wconf 73' lang='lat' dir='ltr'>recipiet</span> <span class='ocrx_word' id='word_1_200' title='bbox 1127 2512 1305 2579; x_wconf 76' lang='lat' dir='ltr'>sanitatem</span> 
     </span>
     <span class='ocr_line' id='line_1_25' title="bbox 138 2596 1303 2688; baseline -0.002 -20"><span class='ocrx_word' id='word_1_201' title='bbox 138 2598 228 2668; x_wconf 87' lang='lat' dir='ltr'>iurtis</span> <span class='ocrx_word' id='word_1_202' title='bbox 255 2610 291 2668; x_wconf 86' lang='lat' dir='ltr'>et</span> <span class='ocrx_word' id='word_1_203' title='bbox 309 2597 421 2685; x_wconf 82' lang='lat' dir='ltr'>dives,</span> <span class='ocrx_word' id='word_1_204' title='bbox 454 2596 513 2667; x_wconf 90' lang='lat' dir='ltr'>sed</span> <span class='ocrx_word' id='word_1_205' title='bbox 542 2597 574 2666; x_wconf 87' lang='lat' dir='ltr'>ie</span> <span class='ocrx_word' id='word_1_206' title='bbox 598 2597 705 2666; x_wconf 85' lang='lat' dir='ltr'>rdsus.</span> <span class='ocrx_word' id='word_1_207' title='bbox 734 2620 812 2669; x_wconf 82' lang='lat' dir='ltr'>curu</span> <span class='ocrx_word' id='word_1_208' title='bbox 840 2606 910 2685; x_wconf 79' lang='lat' dir='ltr'>tua,</span> <span class='ocrx_word' id='word_1_209' title='bbox 948 2607 1048 2688; x_wconf 87' lang='lat' dir='ltr'>atque</span> <span class='ocrx_word' id='word_1_210' title='bbox 1076 2598 1303 2667; x_wconf 80' lang='lat' dir='ltr'>mundiberis.</span> 
     </span>
     <span class='ocr_line' id='line_1_26' title="bbox 139 2618 1305 2776; baseline -0.003 -18"><span class='ocrx_word' id='word_1_211' title='bbox 139 2685 239 2758; x_wconf 83' lang='lat' dir='ltr'>Porro</span> <span class='ocrx_word' id='word_1_212' title='bbox 255 2686 299 2756; x_wconf 89' lang='lat' dir='ltr'>de</span> <span class='ocrx_word' id='word_1_213' title='bbox 315 2684 414 2776; x_wconf 74' lang='lat' dir='ltr'>Syria</span> <span class='ocrx_word' id='word_1_214' title='bbox 430 2685 557 2775; x_wconf 75' lang='lat' dir='ltr'>egressi</span> <span class='ocrx_word' id='word_1_215' title='bbox 572 2618 705 2755; x_wconf 69' lang='lat' dir='ltr'>iireraut</span> <span class='ocrx_word' id='word_1_216' title='bbox 733 2687 846 2757; x_wconf 81' lang='lat' dir='ltr'>Iratus</span> <span class='ocrx_word' id='word_1_217' title='bbox 865 2686 1016 2757; x_wconf 81' lang='lat' dir='ltr'>Ndumau</span> <span class='ocrx_word' id='word_1_218' title='bbox 1039 2685 1229 2772; x_wconf 72' lang='lat' dir='ltr'>recedebat,</span> <span class='ocrx_word' id='word_1_219' title='bbox 1254 2684 1305 2754; x_wconf 92' lang='lat' dir='ltr'>di-</span> 
     </span>
     <span class='ocr_line' id='line_1_27' title="bbox 140 2774 1305 2863; baseline -0.001 -20"><span class='ocrx_word' id='word_1_220' title='bbox 140 2774 328 2858; x_wconf 76' lang='lat' dir='ltr'>latrunculi,</span> <span class='ocrx_word' id='word_1_221' title='bbox 355 2782 390 2844; x_wconf 88' lang='lat' dir='ltr'>et</span> <span class='ocrx_word' id='word_1_222' title='bbox 413 2776 580 2863; x_wconf 80' lang='lat' dir='ltr'>captivam</span> <span class='ocrx_word' id='word_1_223' title='bbox 600 2774 705 2842; x_wconf 85' lang='lat' dir='ltr'>dime-</span> <span class='ocrx_word' id='word_1_224' title='bbox 734 2796 829 2846; x_wconf 78' lang='lat' dir='ltr'>eous:</span> <span class='ocrx_word' id='word_1_225' title='bbox 855 2776 1032 2850; x_wconf 74' lang='lat' dir='ltr'>Putibum,</span> <span class='ocrx_word' id='word_1_226' title='bbox 1054 2774 1142 2862; x_wconf 84' lang='lat' dir='ltr'>quud</span> <span class='ocrx_word' id='word_1_227' title='bbox 1164 2775 1305 2860; x_wconf 70' lang='lat' dir='ltr'>egrede-</span> 
     </span>
     <span class='ocr_line' id='line_1_28' title="bbox 138 2861 1304 2949; baseline -0.003 -17"><span class='ocrx_word' id='word_1_228' title='bbox 138 2869 205 2932; x_wconf 87' lang='lat' dir='ltr'>raut</span> <span class='ocrx_word' id='word_1_229' title='bbox 237 2862 281 2932; x_wconf 92' lang='lat' dir='ltr'>de</span> <span class='ocrx_word' id='word_1_230' title='bbox 308 2871 401 2932; x_wconf 87' lang='lat' dir='ltr'>terra</span> <span class='ocrx_word' id='word_1_231' title='bbox 426 2862 533 2932; x_wconf 90' lang='lat' dir='ltr'>Israel</span> <span class='ocrx_word' id='word_1_232' title='bbox 559 2861 705 2949; x_wconf 74' lang='lat' dir='ltr'>puellam</span> <span class='ocrx_word' id='word_1_233' title='bbox 732 2866 829 2932; x_wconf 75' lang='lat' dir='ltr'>retur</span> <span class='ocrx_word' id='word_1_234' title='bbox 852 2863 893 2931; x_wconf 84' lang='lat' dir='ltr'>ad</span> <span class='ocrx_word' id='word_1_235' title='bbox 913 2885 981 2931; x_wconf 80' lang='lat' dir='ltr'>mu:</span> <span class='ocrx_word' id='word_1_236' title='bbox 1003 2874 1036 2932; x_wconf 83' lang='lat' dir='ltr'>ut</span> <span class='ocrx_word' id='word_1_237' title='bbox 1058 2871 1150 2930; x_wconf 82' lang='lat' dir='ltr'>stans</span> <span class='ocrx_word' id='word_1_238' title='bbox 1170 2863 1304 2930; x_wconf 74' lang='lat' dir='ltr'>inrumi-</span> 
     </span>
     <span class='ocr_line' id='line_1_29' title="bbox 138 2949 1305 3038; baseline -0.003 -19"><span class='ocrx_word' id='word_1_239' title='bbox 138 2950 324 3038; x_wconf 79' lang='lat' dir='ltr'>pirurlum,</span> <span class='ocrx_word' id='word_1_240' title='bbox 377 2970 429 3019; x_wconf 84' lang='lat' dir='ltr'>uae</span> <span class='ocrx_word' id='word_1_241' title='bbox 453 2950 583 3018; x_wconf 86' lang='lat' dir='ltr'>eratin</span> <span class='ocrx_word' id='word_1_242' title='bbox 607 2949 705 3018; x_wconf 76' lang='lat' dir='ltr'>obsi·</span> <span class='ocrx_word' id='word_1_243' title='bbox 732 2959 786 3020; x_wconf 85' lang='lat' dir='ltr'>ret</span> <span class='ocrx_word' id='word_1_244' title='bbox 804 2971 925 3019; x_wconf 82' lang='lat' dir='ltr'>uurueu</span> <span class='ocrx_word' id='word_1_245' title='bbox 942 2950 1076 3019; x_wconf 76' lang='lat' dir='ltr'>liduriui</span> <span class='ocrx_word' id='word_1_246' title='bbox 1101 2950 1163 3017; x_wconf 76' lang='lat' dir='ltr'>itui</span> <span class='ocrx_word' id='word_1_247' title='bbox 1188 2950 1248 3024; x_wconf 77' lang='lat' dir='ltr'>sui,</span> <span class='ocrx_word' id='word_1_248' title='bbox 1272 2957 1305 3016; x_wconf 89' lang='lat' dir='ltr'>et</span> 
     </span>
     <span class='ocr_line' id='line_1_30' title="bbox 137 3037 1305 3194; baseline -0.001 -88"><span class='ocrx_word' id='word_1_249' title='bbox 137 3039 206 3127; x_wconf 86' lang='lat' dir='ltr'>quio</span> <span class='ocrx_word' id='word_1_250' title='bbox 229 3037 348 3107; x_wconf 78' lang='lat' dir='ltr'>urdris</span> <span class='ocrx_word' id='word_1_251' title='bbox 370 3069 382 3106; x_wconf 75' lang='lat' dir='ltr'>i</span> <span class='ocrx_word' id='word_1_252' title='bbox 402 3040 535 3108; x_wconf 76' lang='lat' dir='ltr'>damen.</span> <span class='ocrx_word' id='word_1_253' title='bbox 562 3058 636 3194; x_wconf 64' lang='lat' dir='ltr'>quau</span> <span class='ocrx_word' id='word_1_254' title='bbox 658 3037 706 3105; x_wconf 87' lang='lat' dir='ltr'>ait</span> <span class='ocrx_word' id='word_1_255' title='bbox 732 3042 889 3124; x_wconf 72' lang='lat' dir='ltr'>tingeret</span> <span class='ocrx_word' id='word_1_256' title='bbox 910 3061 1010 3108; x_wconf 86' lang='lat' dir='ltr'>mauu</span> <span class='ocrx_word' id='word_1_257' title='bbox 1038 3059 1098 3107; x_wconf 85' lang='lat' dir='ltr'>sua</span> <span class='ocrx_word' id='word_1_258' title='bbox 1121 3039 1228 3106; x_wconf 61' lang='lat' dir='ltr'>lissum</span> <span class='ocrx_word' id='word_1_259' title='bbox 1257 3037 1305 3105; x_wconf 82' lang='lat' dir='ltr'>le-</span> 
     </span>
     <span class='ocr_line' id='line_1_31' title="bbox 135 3124 1305 3215; baseline 0 -23"><span class='ocrx_word' id='word_1_260' title='bbox 135 3126 171 3194; x_wconf 85' lang='lat' dir='ltr'>ad</span> <span class='ocrx_word' id='word_1_261' title='bbox 202 3125 376 3195; x_wconf 72' lang='lat' dir='ltr'>duminum</span> <span class='ocrx_word' id='word_1_262' title='bbox 412 3146 526 3194; x_wconf 84' lang='lat' dir='ltr'>suum:</span> <span class='ocrx_word' id='word_1_263' title='bbox 588 3124 704 3193; x_wconf 76' lang='lat' dir='ltr'>uiuam</span> <span class='ocrx_word' id='word_1_264' title='bbox 732 3147 813 3215; x_wconf 74' lang='lat' dir='ltr'>prm,</span> <span class='ocrx_word' id='word_1_265' title='bbox 833 3135 865 3196; x_wconf 82' lang='lat' dir='ltr'>et</span> <span class='ocrx_word' id='word_1_266' title='bbox 886 3130 1021 3196; x_wconf 79' lang='lat' dir='ltr'>euriret</span> <span class='ocrx_word' id='word_1_267' title='bbox 1040 3147 1101 3194; x_wconf 84' lang='lat' dir='ltr'>me.</span> <span class='ocrx_word' id='word_1_268' title='bbox 1133 3124 1305 3213; x_wconf 84' lang='lat' dir='ltr'>Numquid</span> 
     </span>
     <span class='ocr_line' id='line_1_32' title="bbox 135 3211 1306 3284; baseline -0.004 -2"><span class='ocrx_word' id='word_1_269' title='bbox 135 3213 248 3284; x_wconf 82' lang='lat' dir='ltr'>fuisset</span> <span class='ocrx_word' id='word_1_270' title='bbox 269 3212 426 3282; x_wconf 80' lang='lat' dir='ltr'>ddmirrus</span> <span class='ocrx_word' id='word_1_271' title='bbox 445 3233 540 3282; x_wconf 86' lang='lat' dir='ltr'>meus</span> <span class='ocrx_word' id='word_1_272' title='bbox 558 3211 602 3281; x_wconf 89' lang='lat' dir='ltr'>ad</span> <span class='ocrx_word' id='word_1_273' title='bbox 620 3211 704 3281; x_wconf 84' lang='lat' dir='ltr'>Pru·</span> <span class='ocrx_word' id='word_1_274' title='bbox 732 3236 798 3283; x_wconf 83' lang='lat' dir='ltr'>rum</span> <span class='ocrx_word' id='word_1_275' title='bbox 831 3215 986 3283; x_wconf 77' lang='lat' dir='ltr'>nudidres</span> <span class='ocrx_word' id='word_1_276' title='bbox 1015 3222 1092 3283; x_wconf 87' lang='lat' dir='ltr'>suut</span> <span class='ocrx_word' id='word_1_277' title='bbox 1124 3213 1241 3281; x_wconf 75' lang='lat' dir='ltr'>diiaua</span> <span class='ocrx_word' id='word_1_278' title='bbox 1272 3220 1306 3280; x_wconf 89' lang='lat' dir='ltr'>et</span> 
     </span>
     <span class='ocr_line' id='line_1_33' title="bbox 134 3299 1305 3390; baseline -0.003 -19"><span class='ocrx_word' id='word_1_279' title='bbox 134 3302 282 3388; x_wconf 77' lang='lat' dir='ltr'>phetam,</span> <span class='ocrx_word' id='word_1_280' title='bbox 316 3301 373 3389; x_wconf 92' lang='lat' dir='ltr'>qui</span> <span class='ocrx_word' id='word_1_281' title='bbox 402 3307 454 3369; x_wconf 87' lang='lat' dir='ltr'>est</span> <span class='ocrx_word' id='word_1_282' title='bbox 481 3301 514 3369; x_wconf 91' lang='lat' dir='ltr'>iu</span> <span class='ocrx_word' id='word_1_283' title='bbox 537 3299 703 3369; x_wconf 84' lang='lat' dir='ltr'>Samaria:</span> <span class='ocrx_word' id='word_1_284' title='bbox 734 3302 923 3390; x_wconf 74' lang='lat' dir='ltr'>Pharphar,</span> <span class='ocrx_word' id='word_1_285' title='bbox 941 3302 1031 3371; x_wconf 77' lang='lat' dir='ltr'>durii</span> <span class='ocrx_word' id='word_1_286' title='bbox 1050 3302 1217 3371; x_wconf 75' lang='lat' dir='ltr'>liauuisei.</span> <span class='ocrx_word' id='word_1_287' title='bbox 1235 3301 1305 3368; x_wconf 81' lang='lat' dir='ltr'>dm-</span> 
     </span>
     <span class='ocr_line' id='line_1_34' title="bbox 132 3387 1306 3478; baseline -0.002 -21"><span class='ocrx_word' id='word_1_288' title='bbox 132 3389 282 3476; x_wconf 73' lang='lat' dir='ltr'>pruficto</span> <span class='ocrx_word' id='word_1_289' title='bbox 302 3390 454 3458; x_wconf 67' lang='lat' dir='ltr'>curasset</span> <span class='ocrx_word' id='word_1_290' title='bbox 467 3408 542 3457; x_wconf 90' lang='lat' dir='ltr'>eum</span> <span class='ocrx_word' id='word_1_291' title='bbox 562 3408 582 3456; x_wconf 88' lang='lat' dir='ltr'>a</span> <span class='ocrx_word' id='word_1_292' title='bbox 599 3387 704 3475; x_wconf 75' lang='lat' dir='ltr'>lepra,</span> <span class='ocrx_word' id='word_1_293' title='bbox 731 3390 830 3458; x_wconf 84' lang='lat' dir='ltr'>uibus</span> <span class='ocrx_word' id='word_1_294' title='bbox 861 3392 956 3478; x_wconf 85' lang='lat' dir='ltr'>aquis</span> <span class='ocrx_word' id='word_1_295' title='bbox 986 3390 1109 3462; x_wconf 79' lang='lat' dir='ltr'>lsrael,</span> <span class='ocrx_word' id='word_1_296' title='bbox 1144 3397 1181 3456; x_wconf 90' lang='lat' dir='ltr'>ut</span> <span class='ocrx_word' id='word_1_297' title='bbox 1212 3387 1306 3456; x_wconf 76' lang='lat' dir='ltr'>laver</span> 
     </span>
     <span class='ocr_line' id='line_1_35' title="bbox 130 3476 1305 3566; baseline -0.005 -20"><span class='ocrx_word' id='word_1_298' title='bbox 130 3497 227 3566; x_wconf 86' lang='lat' dir='ltr'>quam</span> <span class='ocrx_word' id='word_1_299' title='bbox 267 3476 381 3546; x_wconf 84' lang='lat' dir='ltr'>habet.</span> <span class='ocrx_word' id='word_1_300' title='bbox 440 3476 618 3562; x_wconf 73' lang='lat' dir='ltr'>Ingressus</span> <span class='ocrx_word' id='word_1_301' title='bbox 653 3484 705 3545; x_wconf 86' lang='lat' dir='ltr'>est</span> <span class='ocrx_word' id='word_1_302' title='bbox 732 3478 765 3545; x_wconf 91' lang='lat' dir='ltr'>iu</span> <span class='ocrx_word' id='word_1_303' title='bbox 788 3478 845 3560; x_wconf 68' lang='lat' dir='ltr'>eis,</span> <span class='ocrx_word' id='word_1_304' title='bbox 867 3487 901 3546; x_wconf 86' lang='lat' dir='ltr'>et</span> <span class='ocrx_word' id='word_1_305' title='bbox 916 3476 1081 3546; x_wconf 80' lang='lat' dir='ltr'>mumler&#39;?</span> <span class='ocrx_word' id='word_1_306' title='bbox 1117 3478 1200 3545; x_wconf 67' lang='lat' dir='ltr'>(lum</span> <span class='ocrx_word' id='word_1_307' title='bbox 1225 3496 1305 3562; x_wconf 76' lang='lat' dir='ltr'>argu</span> 
     </span>
     <span class='ocr_line' id='line_1_36' title="bbox 129 3560 1305 3654; baseline -0.003 -22"><span class='ocrx_word' id='word_1_308' title='bbox 129 3567 244 3654; x_wconf 83' lang='lat' dir='ltr'>itaque</span> <span class='ocrx_word' id='word_1_309' title='bbox 274 3563 427 3633; x_wconf 78' lang='lat' dir='ltr'>Naaman</span> <span class='ocrx_word' id='word_1_310' title='bbox 461 3560 503 3632; x_wconf 88' lang='lat' dir='ltr'>ad</span> <span class='ocrx_word' id='word_1_311' title='bbox 534 3563 703 3632; x_wconf 81' lang='lat' dir='ltr'>ddmiuum</span> <span class='ocrx_word' id='word_1_312' title='bbox 731 3567 891 3634; x_wconf 79' lang='lat' dir='ltr'>uertisset</span> <span class='ocrx_word' id='word_1_313' title='bbox 924 3587 980 3648; x_wconf 73' lang='lat' dir='ltr'>su,</span> <span class='ocrx_word' id='word_1_314' title='bbox 1015 3574 1048 3632; x_wconf 79' lang='lat' dir='ltr'>et</span> <span class='ocrx_word' id='word_1_315' title='bbox 1085 3567 1194 3633; x_wconf 76' lang='lat' dir='ltr'>abiret</span> <span class='ocrx_word' id='word_1_316' title='bbox 1218 3561 1305 3630; x_wconf 92' lang='lat' dir='ltr'>iudi-</span> 
     </span>
     <span class='ocr_line' id='line_1_37' title="bbox 126 3650 1303 3736; baseline -0.002 -18"><span class='ocrx_word' id='word_1_317' title='bbox 126 3673 240 3728; x_wconf 82' lang='lat' dir='ltr'>suum,</span> <span class='ocrx_word' id='word_1_318' title='bbox 267 3659 303 3720; x_wconf 87' lang='lat' dir='ltr'>et</span> <span class='ocrx_word' id='word_1_319' title='bbox 320 3652 488 3720; x_wconf 75' lang='lat' dir='ltr'>uuutirivit</span> <span class='ocrx_word' id='word_1_320' title='bbox 507 3651 551 3736; x_wconf 82' lang='lat' dir='ltr'>ei,</span> <span class='ocrx_word' id='word_1_321' title='bbox 575 3650 703 3720; x_wconf 83' lang='lat' dir='ltr'>diceus:</span> <span class='ocrx_word' id='word_1_322' title='bbox 732 3673 858 3736; x_wconf 65' lang='lat' dir='ltr'>gnaris,</span> <span class='ocrx_word' id='word_1_323' title='bbox 897 3654 1109 3723; x_wconf 73' lang='lat' dir='ltr'>atrcussiruut</span> <span class='ocrx_word' id='word_1_324' title='bbox 1151 3650 1193 3718; x_wconf 83' lang='lat' dir='ltr'>ud</span> <span class='ocrx_word' id='word_1_325' title='bbox 1230 3671 1303 3717; x_wconf 82' lang='lat' dir='ltr'>eum</span> 
     </span>
     <span class='ocr_line' id='line_1_38' title="bbox 124 3737 1303 3826; baseline -0.006 -16"><span class='ocrx_word' id='word_1_326' title='bbox 124 3742 181 3811; x_wconf 74' lang='lat' dir='ltr'>Sic</span> <span class='ocrx_word' id='word_1_327' title='bbox 200 3747 237 3808; x_wconf 87' lang='lat' dir='ltr'>et</span> <span class='ocrx_word' id='word_1_328' title='bbox 257 3741 305 3809; x_wconf 89' lang='lat' dir='ltr'>sic</span> <span class='ocrx_word' id='word_1_329' title='bbox 324 3738 438 3810; x_wconf 81' lang='lat' dir='ltr'>locutu</span> <span class='ocrx_word' id='word_1_330' title='bbox 458 3746 510 3808; x_wconf 90' lang='lat' dir='ltr'>est</span> <span class='ocrx_word' id='word_1_331' title='bbox 528 3738 638 3826; x_wconf 78' lang='lat' dir='ltr'>puilia</span> <span class='ocrx_word' id='word_1_332' title='bbox 662 3738 704 3807; x_wconf 85' lang='lat' dir='ltr'>de</span> <span class='ocrx_word' id='word_1_333' title='bbox 733 3742 821 3808; x_wconf 82' lang='lat' dir='ltr'>servi</span> <span class='ocrx_word' id='word_1_334' title='bbox 858 3740 923 3822; x_wconf 77' lang='lat' dir='ltr'>sui,</span> <span class='ocrx_word' id='word_1_335' title='bbox 958 3747 991 3808; x_wconf 89' lang='lat' dir='ltr'>et</span> <span class='ocrx_word' id='word_1_336' title='bbox 1028 3740 1128 3808; x_wconf 75' lang='lat' dir='ltr'>luridi</span> <span class='ocrx_word' id='word_1_337' title='bbox 1158 3745 1234 3805; x_wconf 88' lang='lat' dir='ltr'>suut</span> <span class='ocrx_word' id='word_1_338' title='bbox 1258 3737 1303 3804; x_wconf 82' lang='lat' dir='ltr'>ei:</span> 
     </span>
     <span class='ocr_line' id='line_1_39' title="bbox 125 3822 1305 3914; baseline -0.005 -18"><span class='ocrx_word' id='word_1_339' title='bbox 125 3841 220 3898; x_wconf 83' lang='lat' dir='ltr'>terra</span> <span class='ocrx_word' id='word_1_340' title='bbox 242 3825 359 3896; x_wconf 86' lang='lat' dir='ltr'>Israel.</span> <span class='ocrx_word' id='word_1_341' title='bbox 407 3826 570 3914; x_wconf 83' lang='lat' dir='ltr'>Dixitque</span> <span class='ocrx_word' id='word_1_342' title='bbox 592 3828 621 3894; x_wconf 89' lang='lat' dir='ltr'>ei</span> <span class='ocrx_word' id='word_1_343' title='bbox 643 3848 702 3895; x_wconf 83' lang='lat' dir='ltr'>rex</span> <span class='ocrx_word' id='word_1_344' title='bbox 732 3829 845 3903; x_wconf 77' lang='lat' dir='ltr'>Pater,</span> <span class='ocrx_word' id='word_1_345' title='bbox 870 3837 902 3896; x_wconf 80' lang='lat' dir='ltr'>et</span> <span class='ocrx_word' id='word_1_346' title='bbox 927 3829 1045 3896; x_wconf 77' lang='lat' dir='ltr'>sirum</span> <span class='ocrx_word' id='word_1_347' title='bbox 1069 3827 1229 3913; x_wconf 69' lang='lat' dir='ltr'>grurulem</span> <span class='ocrx_word' id='word_1_348' title='bbox 1255 3822 1305 3891; x_wconf 91' lang='lat' dir='ltr'>di-</span> 
     </span>
     <span class='ocr_line' id='line_1_40' title="bbox 122 3911 1305 4003; baseline -0.006 -18"><span class='ocrx_word' id='word_1_349' title='bbox 122 3916 252 4003; x_wconf 60' lang='lat' dir='ltr'>Sqriae:</span> <span class='ocrx_word' id='word_1_350' title='bbox 279 3911 392 4001; x_wconf 79' lang='lat' dir='ltr'>Vade,</span> <span class='ocrx_word' id='word_1_351' title='bbox 412 3919 446 3981; x_wconf 88' lang='lat' dir='ltr'>et</span> <span class='ocrx_word' id='word_1_352' title='bbox 464 3915 595 3983; x_wconf 88' lang='lat' dir='ltr'>mittam</span> <span class='ocrx_word' id='word_1_353' title='bbox 614 3915 705 3984; x_wconf 86' lang='lat' dir='ltr'>litte·</span> <span class='ocrx_word' id='word_1_354' title='bbox 732 3919 838 3984; x_wconf 74' lang='lat' dir='ltr'>sisset</span> <span class='ocrx_word' id='word_1_355' title='bbox 878 3917 937 3983; x_wconf 90' lang='lat' dir='ltr'>tibi</span> <span class='ocrx_word' id='word_1_356' title='bbox 978 3914 1170 4002; x_wconf 70' lang='lat' dir='ltr'>Pruphiuu,</span> <span class='ocrx_word' id='word_1_357' title='bbox 1215 3919 1305 3981; x_wconf 77' lang='lat' dir='ltr'>curte</span> 
     </span>
     <span class='ocr_line' id='line_1_41' title="bbox 122 4000 1305 4091; baseline -0.005 -19"><span class='ocrx_word' id='word_1_358' title='bbox 122 4024 182 4072; x_wconf 82' lang='lat' dir='ltr'>ras</span> <span class='ocrx_word' id='word_1_359' title='bbox 202 4002 247 4072; x_wconf 84' lang='lat' dir='ltr'>ad</span> <span class='ocrx_word' id='word_1_360' title='bbox 269 4021 386 4091; x_wconf 84' lang='lat' dir='ltr'>regem</span> <span class='ocrx_word' id='word_1_361' title='bbox 402 4002 517 4071; x_wconf 82' lang='lat' dir='ltr'>lsrael.</span> <span class='ocrx_word' id='word_1_362' title='bbox 550 4000 612 4088; x_wconf 81' lang='lat' dir='ltr'>Qui</span> <span class='ocrx_word' id='word_1_363' title='bbox 630 4023 705 4071; x_wconf 78' lang='lat' dir='ltr'>rum</span> <span class='ocrx_word' id='word_1_364' title='bbox 733 4002 844 4072; x_wconf 67' lang='lat' dir='ltr'>sisere</span> <span class='ocrx_word' id='word_1_365' title='bbox 873 4002 1054 4071; x_wconf 77' lang='lat' dir='ltr'>deluimus:</span> <span class='ocrx_word' id='word_1_366' title='bbox 1084 4009 1209 4088; x_wconf 73' lang='lat' dir='ltr'>(quantu</span> <span class='ocrx_word' id='word_1_367' title='bbox 1235 4019 1305 4066; x_wconf 86' lang='lat' dir='ltr'>mu-</span> 
     </span>
     <span class='ocr_line' id='line_1_42' title="bbox 123 4087 1305 4180; baseline -0.004 -21"><span class='ocrx_word' id='word_1_368' title='bbox 123 4090 305 4180; x_wconf 66' lang='lat' dir='ltr'>profectus</span> <span class='ocrx_word' id='word_1_369' title='bbox 346 4099 454 4165; x_wconf 80' lang='lat' dir='ltr'>esset,</span> <span class='ocrx_word' id='word_1_370' title='bbox 497 4098 532 4158; x_wconf 89' lang='lat' dir='ltr'>et</span> <span class='ocrx_word' id='word_1_371' title='bbox 575 4090 705 4157; x_wconf 85' lang='lat' dir='ltr'>tulisset</span> <span class='ocrx_word' id='word_1_372' title='bbox 733 4092 795 4177; x_wconf 70' lang='lat' dir='ltr'>gis,</span> <span class='ocrx_word' id='word_1_373' title='bbox 817 4091 892 4178; x_wconf 87' lang='lat' dir='ltr'>quia</span> <span class='ocrx_word' id='word_1_374' title='bbox 916 4111 1003 4158; x_wconf 85' lang='lat' dir='ltr'>uum·</span> <span class='ocrx_word' id='word_1_375' title='bbox 1028 4087 1214 4180; x_wconf 80' lang='lat' dir='ltr'>dixittibi:</span> <span class='ocrx_word' id='word_1_376' title='bbox 1240 4087 1305 4155; x_wconf 87' lang='lat' dir='ltr'>La-</span> 
     </span>
     <span class='ocr_line' id='line_1_43' title="bbox 124 4169 1305 4260; baseline -0.007 -12"><span class='ocrx_word' id='word_1_377' title='bbox 124 4199 243 4248; x_wconf 79' lang='lat' dir='ltr'>secum</span> <span class='ocrx_word' id='word_1_378' title='bbox 265 4177 381 4248; x_wconf 83' lang='lat' dir='ltr'>decem</span> <span class='ocrx_word' id='word_1_379' title='bbox 408 4169 533 4246; x_wconf 72' lang='lat' dir='ltr'>talenta</span> <span class='ocrx_word' id='word_1_380' title='bbox 561 4199 600 4246; x_wconf 88' lang='lat' dir='ltr'>ar</span> <span class='ocrx_word' id='word_1_381' title='bbox 625 4178 704 4260; x_wconf 73' lang='lat' dir='ltr'>(uiti,</span> <span class='ocrx_word' id='word_1_382' title='bbox 733 4180 824 4258; x_wconf 69' lang='lat' dir='ltr'>vaire,</span> <span class='ocrx_word' id='word_1_383' title='bbox 842 4187 876 4245; x_wconf 84' lang='lat' dir='ltr'>et</span> <span class='ocrx_word' id='word_1_384' title='bbox 891 4176 1131 4245; x_wconf 75' lang='lat' dir='ltr'>mriuddiieris?</span> <span class='ocrx_word' id='word_1_385' title='bbox 1157 4175 1305 4244; x_wconf 78' lang='lat' dir='ltr'>Descim-</span> 
     </span>
     <span class='ocr_line' id='line_1_44' title="bbox 123 4201 1307 4348; baseline -0.008 -14"><span class='ocrx_word' id='word_1_386' title='bbox 123 4281 161 4334; x_wconf 85' lang='lat' dir='ltr'>et</span> <span class='ocrx_word' id='word_1_387' title='bbox 181 4288 243 4335; x_wconf 84' lang='lat' dir='ltr'>sex</span> <span class='ocrx_word' id='word_1_388' title='bbox 263 4263 369 4335; x_wconf 83' lang='lat' dir='ltr'>millia</span> <span class='ocrx_word' id='word_1_389' title='bbox 387 4267 518 4334; x_wconf 78' lang='lat' dir='ltr'>aureos.</span> <span class='ocrx_word' id='word_1_390' title='bbox 537 4274 570 4333; x_wconf 82' lang='lat' dir='ltr'>et</span> <span class='ocrx_word' id='word_1_391' title='bbox 590 4201 704 4334; x_wconf 48' lang='lat' dir='ltr'>(ficem</span> <span class='ocrx_word' id='word_1_392' title='bbox 733 4264 793 4332; x_wconf 85' lang='lat' dir='ltr'>dit.</span> <span class='ocrx_word' id='word_1_393' title='bbox 815 4273 847 4332; x_wconf 79' lang='lat' dir='ltr'>et</span> <span class='ocrx_word' id='word_1_394' title='bbox 865 4264 945 4332; x_wconf 79' lang='lat' dir='ltr'>iuuit</span> <span class='ocrx_word' id='word_1_395' title='bbox 966 4265 999 4331; x_wconf 90' lang='lat' dir='ltr'>iu</span> <span class='ocrx_word' id='word_1_396' title='bbox 1016 4262 1168 4331; x_wconf 72' lang='lat' dir='ltr'>..iurdiue</span> <span class='ocrx_word' id='word_1_397' title='bbox 1181 4262 1307 4348; x_wconf 64' lang='lat' dir='ltr'>septies</span> 
     </span>
     <span class='ocr_line' id='line_1_45' title="bbox 124 4350 1308 4441; baseline -0.007 -19"><span class='ocrx_word' id='word_1_398' title='bbox 124 4354 312 4423; x_wconf 75' lang='lat' dir='ltr'>mutaturia</span> <span class='ocrx_word' id='word_1_399' title='bbox 329 4352 622 4439; x_wconf 74' lang='lat' dir='ltr'>vestimentum,</span> <span class='ocrx_word' id='word_1_400' title='bbox 646 4352 704 4421; x_wconf 80' lang='lat' dir='ltr'>di·-</span> <span class='ocrx_word' id='word_1_401' title='bbox 729 4354 826 4441; x_wconf 79' lang='lat' dir='ltr'>juxta</span> <span class='ocrx_word' id='word_1_402' title='bbox 853 4352 1040 4419; x_wconf 77' lang='lat' dir='ltr'>seumiuum</span> <span class='ocrx_word' id='word_1_403' title='bbox 1071 4351 1134 4418; x_wconf 79' lang='lat' dir='ltr'>riri</span> <span class='ocrx_word' id='word_1_404' title='bbox 1160 4350 1239 4430; x_wconf 71' lang='lat' dir='ltr'>Dei,</span> <span class='ocrx_word' id='word_1_405' title='bbox 1274 4355 1308 4415; x_wconf 84' lang='lat' dir='ltr'>et</span> 
     </span>
     <span class='ocr_line' id='line_1_46' title="bbox 125 4436 1308 4526; baseline -0.006 -17"><span class='ocrx_word' id='word_1_406' title='bbox 125 4440 207 4511; x_wconf 87' lang='lat' dir='ltr'>tulit</span> <span class='ocrx_word' id='word_1_407' title='bbox 228 4440 361 4510; x_wconf 80' lang='lat' dir='ltr'>litteras</span> <span class='ocrx_word' id='word_1_408' title='bbox 383 4438 425 4508; x_wconf 87' lang='lat' dir='ltr'>ad</span> <span class='ocrx_word' id='word_1_409' title='bbox 447 4459 562 4526; x_wconf 77' lang='lat' dir='ltr'>regem</span> <span class='ocrx_word' id='word_1_410' title='bbox 588 4440 704 4522; x_wconf 77' lang='lat' dir='ltr'>israel,</span> <span class='ocrx_word' id='word_1_411' title='bbox 733 4441 889 4509; x_wconf 81' lang='lat' dir='ltr'>restituta</span> <span class='ocrx_word' id='word_1_412' title='bbox 921 4444 972 4506; x_wconf 79' lang='lat' dir='ltr'>est</span> <span class='ocrx_word' id='word_1_413' title='bbox 1001 4459 1078 4508; x_wconf 80' lang='lat' dir='ltr'>earu</span> <span class='ocrx_word' id='word_1_414' title='bbox 1101 4437 1187 4526; x_wconf 69' lang='lat' dir='ltr'>ejus,</span> <span class='ocrx_word' id='word_1_415' title='bbox 1222 4436 1308 4504; x_wconf 77' lang='lat' dir='ltr'>sicut</span> 
     </span>
     <span class='ocr_line' id='line_1_47' title="bbox 124 4521 1308 4616; baseline -0.007 -19"><span class='ocrx_word' id='word_1_416' title='bbox 124 4531 161 4598; x_wconf 90' lang='lat' dir='ltr'>iu</span> <span class='ocrx_word' id='word_1_417' title='bbox 185 4529 261 4600; x_wconf 80' lang='lat' dir='ltr'>haec</span> <span class='ocrx_word' id='word_1_418' title='bbox 280 4529 399 4599; x_wconf 85' lang='lat' dir='ltr'>rerba:</span> <span class='ocrx_word' id='word_1_419' title='bbox 424 4524 509 4596; x_wconf 91' lang='lat' dir='ltr'>Cum</span> <span class='ocrx_word' id='word_1_420' title='bbox 534 4527 705 4616; x_wconf 72' lang='lat' dir='ltr'>acciperis</span> <span class='ocrx_word' id='word_1_421' title='bbox 734 4549 812 4596; x_wconf 75' lang='lat' dir='ltr'>earu</span> <span class='ocrx_word' id='word_1_422' title='bbox 836 4527 932 4615; x_wconf 80' lang='lat' dir='ltr'>quieri</span> <span class='ocrx_word' id='word_1_423' title='bbox 950 4526 1091 4614; x_wconf 71' lang='lat' dir='ltr'>quiriuli,</span> <span class='ocrx_word' id='word_1_424' title='bbox 1112 4533 1144 4593; x_wconf 85' lang='lat' dir='ltr'>et</span> <span class='ocrx_word' id='word_1_425' title='bbox 1166 4521 1308 4592; x_wconf 81' lang='lat' dir='ltr'>nuiudi-</span> 
     </span>
     <span class='ocr_line' id='line_1_48' title="bbox 125 4611 1308 4706; baseline -0.009 -20"><span class='ocrx_word' id='word_1_426' title='bbox 125 4615 307 4706; x_wconf 71' lang='lat' dir='ltr'>epistoinm</span> <span class='ocrx_word' id='word_1_427' title='bbox 340 4615 444 4700; x_wconf 78' lang='lat' dir='ltr'>haue,</span> <span class='ocrx_word' id='word_1_428' title='bbox 481 4616 580 4701; x_wconf 80' lang='lat' dir='ltr'>seito,</span> <span class='ocrx_word' id='word_1_429' title='bbox 616 4615 704 4703; x_wconf 85' lang='lat' dir='ltr'>quud</span> <span class='ocrx_word' id='word_1_430' title='bbox 733 4623 789 4683; x_wconf 86' lang='lat' dir='ltr'>tus</span> <span class='ocrx_word' id='word_1_431' title='bbox 805 4626 865 4683; x_wconf 77' lang='lat' dir='ltr'>est.</span> <span class='ocrx_word' id='word_1_432' title='bbox 889 4615 1125 4703; x_wconf 79' lang='lat' dir='ltr'>ltuvursrisque</span> <span class='ocrx_word' id='word_1_433' title='bbox 1143 4611 1308 4681; x_wconf 75' lang='lat' dir='ltr'>edurum</span> 
     </span>
     <span class='ocr_line' id='line_1_49' title="bbox 124 4700 1322 4778; baseline -0.003 -3"><span class='ocrx_word' id='word_1_434' title='bbox 124 4704 278 4775; x_wconf 85' lang='lat' dir='ltr'>miserim</span> <span class='ocrx_word' id='word_1_435' title='bbox 291 4702 335 4771; x_wconf 82' lang='lat' dir='ltr'>ad</span> <span class='ocrx_word' id='word_1_436' title='bbox 350 4702 697 4770; x_wconf 72' lang='lat' dir='ltr'>teNdamausemmu</span> <span class='ocrx_word' id='word_1_437' title='bbox 724 4702 794 4771; x_wconf 84' lang='lat' dir='ltr'>Dei</span> <span class='ocrx_word' id='word_1_438' title='bbox 831 4725 908 4774; x_wconf 77' lang='lat' dir='ltr'>rum</span> <span class='ocrx_word' id='word_1_439' title='bbox 950 4704 1113 4777; x_wconf 73' lang='lat' dir='ltr'>uuirirsu</span> <span class='ocrx_word' id='word_1_440' title='bbox 1154 4700 1322 4778; x_wconf 79' lang='lat' dir='ltr'>cumitdtu</span> 
     </span>
    </p>
   </div>
   <div class='ocr_carea' id='block_1_3' title="bbox 0 0 1518 5400">
    <p class='ocr_par' dir='ltr' id='par_1_6' title="bbox 0 0 1518 5400">
     <span class='ocr_line' id='line_1_50' title="bbox 0 0 1518 5400; baseline 0 3"><span class='ocrx_word' id='word_1_441' title='bbox 0 0 1518 5400; x_wconf 95' lang='lat' dir='ltr'> </span> 
     </span>
    </p>
   </div>
  </div>
 </body>
</html>
