3025 5400
147 849 205 893 non
227 832 415 908 approbatas:
442 849 510 893 exce
544 833 568 893 's
590 840 684 894 tamen
702 834 800 895 Missis
817 836 946 909 Rosarii,
971 843 1000 895 et
1017 835 1053 895 de
1069 837 1169 896 Monte
1186 836 1326 909 Carmelo,

146 920 221 976 quae
236 910 303 962 sunt
320 905 474 976 permissae
619 905 681 963 'bus
699 906 867 978 quibusdam
907 913 936 963 et
960 907 1065 965 eisdem
1089 907 1250 966 dumtaxat:
1273 923 1326 966 nec

147 981 267 1048 possunt
283 973 321 1032 ab
339 974 404 1032 aliis
423 974 561 1032 celebrari
580 977 667 1034 etiam
683 976 712 1033 in
731 976 858 1049 ipsorum
873 951 1060 1048 Regularinm
1077 976 1221 1036 Ecclesiis.

217 1059 308 1118 Nemo
326 1058 429 1119 audeat
448 1060 491 1118 uti
509 1060 618 1119 Pileolo
637 1061 666 1118 in
685 1060 876 1119 celebratione
890 1062 1043 1120 Missarum
1061 1063 1121 1119 sine
1140 1078 1274 1134 expressa
1291 1062 1326 1120 li·

146 1129 367 1188 centiaSedisA
419 1131 530 1201 tolicae,
549 1147 606 1189 non
625 1130 756 1189 obstante
773 1147 947 1204 quacumque
961 1134 1105 1190 contraria
1115 1131 1325 1191 consuetudine.

218 1200 290 1258 Item
309 1217 363 1273 pro
383 1199 478 1258 ibetur
496 1217 564 1259 usus
581 1201 714 1259 Rachetti
741 1203 867 1274 exceptis
884 1210 979 1259 tamen
1016 1201 1099 1260 uibus
1117 1201 1233 1273 dejure
1250 1218 1325 1261 com·

146 1270 228 1351 petit,
245 1277 274 1328 et
291 1279 406 1352 praeter
423 1270 478 1353 hoc
495 1270 640 1353 stataitur,
659 1277 688 1329 et
705 1246 875 1353 declaratm,
894 1219 1096 1355 neminiffiicere
1108 1273 1256 1343 inservire,
1275 1279 1326 1331 aut

145 1347 279 1397 amimae
289 1340 518 1399 meelebratrone
528 1341 680 1399 Missurum
691 1346 740 1397 aut
758 1341 920 1398 divinornm
935 1341 1092 1399 officiorum
1103 1358 1166 1398 cum
1176 1341 1324 1414 Rochetto‚

145 1424 318 1537 fflfnffi
327 1409 694 1539 Cgtttcianhgggrcrltemussanicas
712 1418 846 1482 angustas
869 1411 906 1469 ad
929 1412 1020 1469 instar
1038 1411 1185 1470 Rochetti:
1203 1418 1233 1470 et
1251 1411 1326 1469 idern

215 1549 386 1609 Pammenia
409 1567 466 1609 non
491 1498 692 1608 degentugumi
714 1550 749 1608 de
768 1550 864 1608 Alteri
882 1567 934 1624 pro
953 1549 1146 1610 celebratione
1162 1552 1324 1625 Missurum,

145 1633 209 1675 cum
228 1619 258 1677 id
274 1626 416 1703 competat
434 1627 544 1680 tantum
563 1621 712 1694 Episcopis
731 1622 790 1679 sive
808 1621 985 1692 solemniter,
1008 1621 1068 1678 sive
1093 1623 1229 1695 privatim
1252 1623 1325 1681 ecle-

145 1687 238 1770 brcnt
256 1689 444 1752 Inierroribns
459 1707 526 1749 vero
541 1690 711 1749 habentibus
728 1708 810 1749 usum
829 1691 1046 1762 Pontificalium
1064 1708 1121 1749 non
1139 1693 1195 1752 nisi
1212 1692 1324 1764 quando

145 1775 175 1816 m
194 1758 410 1818 Pontifioalibus
428 1759 581 1819 celebrant.

214 1829 335 1911 Remum
353 1831 515 1890 renovando
532 1831 656 1889 Decreta
673 1830 744 1888 alias
761 1828 837 1887 facta
853 1828 978 1909 ¹mandat
996 1829 1083 1888 Sacra
1093 1830 1187 1902 congr
1238 1832 1325 1890 ticin

144 1899 286 1970 omnebus,
304 1907 333 1958 et
348 1916 400 1973 per
419 1902 514 1958 omnia
532 1901 641 1959 serrari
659 1899 799 1958 Rubricas
818 1875 943 1957 Mrssalis
961 1899 1095 1972 Romani,
1119 1917 1175 1958 non
1194 1918 1211 1958 o
1246 1908 1325 1960 tanta

144 1985 320 2098 affigitque
346 1978 511 2043 praetextu,
542 1978 571 2029 et
598 1971 743 2028 contraria
770 1969 985 2041 consuetudine,
1013 1986 1098 2041 quam
1124 1970 1242 2029 abusum
1265 1987 1326 2030 esse

216 2109 256 2167 Et
275 2107 351 2168 facta
368 2111 508 2168 relatione
526 2109 627 2168 horum
644 2110 830 2169 Decretorum
849 2107 983 2167 Sanctiss.
1000 2109 1035 2167 D.
1052 2110 1089 2167 N.
1108 2109 1226 2168 Urbano
1244 2109 1323 2168 VIII.

147 2178 288 2237 Sanctitas
306 2179 365 2262 Sua
379 2181 493 2250 annuit,
512 2187 541 2238 et
558 2180 595 2238 ab
613 2179 757 2251 omnibus,
777 2179 880 2261 ubique
897 2180 1018 2252 servari,
1040 2186 1069 2238 et
1087 2181 1117 2236 in
1135 2179 1245 2238 Missali
1264 2180 1321 2239 Ro-

147 2264 229 2307 mano
246 2257 359 2309 norrter
377 2249 563 2322 imprimendo
581 2252 686 2325 apponi
709 2249 864 2308 mandant.

764 2338 858 2396 lullus
876 2337 1094 2410 lusplglloslus.
1112 2335 1216 2394 Secret.

199 2458 403 2516 Minentissimi
422 2458 483 2517 Sao.
501 2459 619 2517 Ritunm
637 2458 696 2517 Con
732 2459 857 2530 egationi
880 2458 954 2516 Prae
974 2459 1055 2530 ositi,
1083 2458 1120 2517 ob
1138 2474 1273 2517 summam
1291 2474 1326 2516 ac

217 2527 344 2586 debitam
362 2531 589 2599 venerationem,
615 2545 671 2600 qua
689 2475 927 2611 ffirgustissimum
945 2477 1143 2586 Rucharistiae
1162 2526 1325 2586 Sacramen-

148 2604 207 2655 tum
225 2605 444 2672 prosequuntur,
467 2606 495 2657 et
516 2599 726 2671 adaugendum
744 2616 805 2671 eJus
824 2599 929 2657 cultum
949 2601 978 2655 ln
997 2606 1058 2657 toto
1077 2607 1218 2657 terrarum
1239 2597 1324 2680 Orbe,

149 2677 318 2728 censuerint
336 2669 542 2743 prohibendum
560 2686 620 2728 esse
639 2686 673 2727 ne
691 2671 721 2727 ln
739 2676 885 2743 posterum
903 2666 978 2727 inira
997 2669 1131 2727 Octavam
1154 2668 1324 2727 sanctissimi

150 2738 284 2814 Corporis
303 2740 410 2798 Christi
427 2740 532 2798 Missae
544 2740 664 2798 Votivae
681 2757 873 2812 quaecumque
892 2741 936 2797 vel
966 2758 1005 2797 uo
1024 2739 1164 2798 defunctis
1183 2738 1325 2798 celebren-

150 2810 247 2891 tur,·si
263 2810 447 2868 Sanctissimo
466 2811 612 2882 placuerit.
635 2810 697 2868 Hac
714 2811 760 2867 die
779 2814 820 2868 21·¹
839 2811 919 2867 Iunii
941 2759 1015 2868 IRIO.
1039 2810 1079 2867 Et
1098 2809 1173 2868 lacta
1191 2810 1226 2868 de
1244 2825 1325 2882 prae·

150 2878 231 2938 dictis
250 2880 435 2938 Sanctissimo
454 2881 593 2938 relatione
612 2896 662 2953 per
679 2897 724 2937 me
744 2880 948 2949 Secretarium,
972 2880 1113 2938 Sanctitas
1138 2898 1188 2937 sna
1212 2895 1324 2938 sensnm

150 2950 274 3021 ejusdem
293 2950 371 3009 Sacr.
390 2951 623 3032 CongregatIonis
648 2950 832 3023 approbavit,
857 2959 886 3032 et
907 2950 1082 3022 praedictum
1105 2951 1257 3009 Decretum
1277 2949 1322 3007 edi

150 3021 294 3079 mandavit
316 3019 413 3078 eadem
431 3021 477 3078 dre
496 3021 620 3093 ejusdem
636 3022 740 3078 mensis
759 3027 789 3079 et
804 3037 873 3078 anm
894 3024 967 3078 1670.

314 3185 319 3198 ¹
351 3103 387 3209 ll
413 3101 578 3181 llplscopus
603 3100 779 3166 lortucnsls
806 3102 892 3164 card.
919 3100 1066 3165 Ginettns.

216 3196 325 3254 ΜΠ
348 3195 450 3268 ML
548 3266 735 3325 nonarum·
752 3266 889 3335 cosmos,
907 3265 969 3323 sae.
987 3265 1044 3323 nrt.
1063 3265 1165 3336 congr.
1184 3264 1288 3322 secret.

739 3409 867 3416 ————
1206 3408 1314 3418 -—

507 3522 675 3622 lladem
697 3553 781 3645 pro
805 3525 986 3624 SanctIs

396 3660 431 3724 ln
455 3659 731 3739 llartprologlo
756 3675 824 3724 non
849 3658 1061 3738 descriptis.

201 3801 291 3859 Fficia
310 3800 477 3862 Sanctorum
495 3806 607 3863 ratione
626 3805 776 3878 Corporis,
800 3824 849 3865 seu
867 3807 985 3877 insignis
1003 3806 1151 3879 Reliquiae
1167 3805 1323 3875 recitanda,

180 3942 185 3953 Ι
219 3888 255 3928 ex
273 3872 393 3956 Decret..
403 3874 431 3932 S.
449 3874 484 3932 R.
502 3876 560 3933 Con
596 3893 637 3958 eg.
659 3881 698 3933 11.
708 3877 830 3948 Augusti
851 3877 1066 4003 169¹''imeffi5i
1086 3876 1188 3934 debere
1208 3874 1323 3932 deSau·

151 3947 202 3999 ctus
220 3941 367 4002 dumtaxat
385 3961 414 4000 nn
432 3945 562 4016 Martyro
575 3964 639 4018 egro
657 3947 785 4004 Romano
804 3948 966 4019 descriptis,
990 3954 1019 4004 ct

151 4010 184 4067 de
201 4013 352 4070 identitate
369 4013 426 4073 Cor
464 4016 517 4084 ris,
541 4033 591 4075 seu
608 4017 755 4088 Reliquiae
773 4017 891 4090 insignis
910 4018 1044 4075 illiusmct
1063 4016 1158 4074 Sancti
1176 4016 1224 4087 qui
1242 4031 1323 4097 repe·

1059 3946 1189 4004 ummodo
1215 3950 1324 4003 constet

151 4081 223 4139 ritur
241 4083 270 4139 in
288 4083 419 4154 Martpro
432 4102 496 4211 0Ρο
516 4086 644 4144 Romano
662 4086 833 4160 descriptus:
858 4087 892 4144 de
911 4089 1030 4144 caeteris
1048 4094 1143 4145 autem
1164 4085 1274 4143 Sanctis
1292 4102 1323 4141 m

151 4151 295 4234 praedicto
313 4153 444 4225 Martyro
474 4157 520 4227 gio
538 4174 596 4214 non
615 4156 778 4230 descriptis,
803 4164 853 4215 aut
871 4156 972 4229 quibus
989 4174 1007 4214 a
1026 4156 1053 4214 S.
1072 4156 1143 4213 Sede
1160 4172 1218 4213 non
1237 4154 1324 4213 fuerit

150 4238 163 4278 s
215 4223 491 4295 iahterconeessum,
511 4225 605 4284 oliieia
622 4228 746 4298 recitari,
766 4234 793 4285 et
811 4227 914 4285 Missas
932 4226 1071 4284 celebrari
1089 4231 1247 4295 vetuerunt,
1265 4242 1323 4282 non

151 4307 167 4348 o
199 4299 279 4349 tante
299 4292 374 4364 quod
391 4295 517 4367 ipsorum
537 4313 665 4370 corpora,
683 4298 728 4354 vel
746 4298 871 4369 insignes
880 4297 944 4354 Reli
965 4298 1028 4354 niae
1043 4297 1072 4353 in
1083 4296 1218 4354 Ecclesiis
1232 4312 1323 4352 asser·

151 4370 259 4430 rentur,
279 4363 381 4435 quibus
392 4371 487 4423 tamen
505 4366 541 4423 ab
557 4367 717 4425 Ordinariis
734 4367 860 4425 locorum
871 4384 907 4440 ap
929 4384 960 4423 ro
981 4368 1037 4424 atis
1048 4366 1172 4424 debitam
1182 4364 1323 4423 Fidelium

151 4433 388 4496 venerationem(
408 4444 474 4493 rout
492 4435 628 4496 hactenus
646 4445 789 4495 servatum
804 4439 858 4509 est)
879 4386 1323 4507 exbibendamessecensucrunt,

150 4502 203 4585 sed·
215 4501 323 4586 absque
340 4453 450 4585 Ollssiu
474 4513 502 4564 et
518 4508 615 4577 Missa,
640 4508 692 4566 sub
712 4509 810 4581 poenIs
826 4508 861 4565 de
879 4524 936 4564 non
954 4505 1153 4589 satisfaciendo
1172 4511 1323 4586 praecepto

150 4572 287 4656 recitandi
311 4572 455 4647 Officium,
482 4576 601 4661 aliisque
625 4579 654 4635 in
680 4578 889 4637 Constitutione
911 4577 939 4634 S.
958 4577 1002 4634 Pn
1025 4584 1174 4635 contentis.
1208 4573 1262 4657 Ille
1283 4579 1323 4633 11.

149 4643 270 4714 Augusti
282 4647 358 4732 1691.
376 4644 417 4702 Et
427 4645 624 4707 Sanctissrmus
643 4648 813 4723 approbavit
823 4647 869 4705 die
880 4653 920 4707 19.
929 4647 1059 4706 Octobris
1070 4647 1158 4718 ejnsd.
1168 4662 1236 4705 amn
1248 4648 1323 4704 1691.

217 4732 326 4792 Iacet
352 4733 452 4806 Sigilli.

715 4808 739 4867 J.
758 4806 944 4876 lalltmanrs,
964 4806 991 4864 S.
1010 4807 1044 4865 R.
1063 4805 1093 4864 C.
1112 4804 1218 4862 Secret.

723 4990 735 5029 9
