3025 5400
189 592 305 677 fuerint,
324 590 374 650 ubi
392 606 461 673 vero
476 605 533 647 non
552 587 668 671 luerint,
686 586 1051 672 ordinariorumlocom
1069 587 1225 676 bonitate,
1241 592 1369 677 alioquin

184 656 1170 813 ammiras

182 810 272 863 strum
285 802 517 860 Ecclesiasticum
535 806 689 857 existentes
698 806 996 857 excommunicationis
1007 799 1082 859 latae
1091 803 1257 875 sentcntiae,
1275 821 1367 877 aqua,

182 873 238 932 nisi
255 889 273 931 a
290 872 419 930 Roniano
438 868 587 939 Pontifice,
607 875 722 941 praeter
741 885 806 926 uam
825 869 855 924 in
873 869 975 927 mortis
993 871 1114 929 articulo
1135 873 1291 945 constituti,
1317 873 1367 933 ab·

181 943 253 1003 solvi
272 947 425 1014 nequeant:
449 941 480 997 in
503 938 579 997 alma
597 954 665 996 vero
683 885 772 1009 Ur‘he,
791 938 891 1020 ctlreli
911 955 948 997 uo
968 937 1051 997 Statu
1070 940 1273 1002 Ecclesiastico
1292 960 1367 1002 com·

181 1019 333 1082 morantes,
351 1013 569 1083 quingentorum
589 1006 756 1066 ducatorum
776 1006 891 1089 auride
925 1024 1029 1079 amera,
1048 1027 1082 1068 ac
1099 1013 1260 1071 amissionis
1278 1013 1366 1073 libro-

180 1100 252 1149 rum,
271 1089 300 1140 et
317 1089 329 1139 t
387 1098 451 1138 rum
468 1079 593 1138 omnium
604 1076 739 1135 Camenae
759 1077 920 1151 praedictae
936 1078 1171 1151 applicandorum
1186 1099 1292 1155 poenas
1302 1084 1365 1143 abs·

181 1168 235 1225 que
252 1152 311 1209 alia
347 1150 519 1209 eclaratioue
537 1146 775 1206 irremissibiliter
801 1149 948 1206 incurrant
973 1165 1006 1207 eo
1029 1151 1105 1223 ipso:
1130 1160 1159 1210 et
1181 1152 1365 1213 nihilominus

181 1221 342 1303 eorumdem
352 1220 512 1279 hlissalium
530 1234 581 1292 per
599 1234 648 1276 eos
666 1216 702 1275 de
720 1226 833 1300 caetero
853 1216 961 1290 absque
970 1218 1131 1290 hujusmodi
1142 1222 1258 1281 licentia
1266 1224 1365 1296 impn'·

181 1292 355 1361 mendorum,
372 1296 423 1349 aut
440 1287 652 1348 vendendorum
671 1305 752 1345 usum
771 1286 877 1360 ubique
895 1288 1029 1359 locorum,
1048 1297 1077 1349 et
1114 1293 1221 1350 entium
1239 1292 1293 1352 snb
1313 1294 1364 1352 eis-

181 1361 245 1421 dem
263 1362 363 1444 poenis
380 1359 589 1429 interdicimus,
614 1365 643 1415 et
686 1357 873 1439 rohibcmus·
895 1356 956 1441 Ipsi
974 1364 1070 1417 autem
1088 1308 1289 1437 friquisitorcs,
1315 1380 1363 1423 scu

181 1432 326 1491 Ordinaru
345 1431 479 1501 locorum,
503 1436 552 1511 ant
590 1445 654 1486 uam
693 1427 834 1510 uJusmodi
853 1427 1013 1509 licentiam,
1037 1436 1067 1488 et
1085 1428 1247 1490 facultatem
1266 1450 1364 1492 concc-

181 1502 260 1585 duut,
277 1500 407 1560 Missalia
427 1499 464 1557 ab
482 1500 563 1582 ipsis·
593 1497 767 1579 ypographis
787 1497 982 1580 imprimenda,
1007 1506 1036 1558 et
1093 1508 1204 1574 stquam
1225 1503 1363 1577 impressa

187 1571 303 1635 fuerint
319 1569 566 1629 cumhocblissali
576 1574 748 1626 auctoritate
759 1576 857 1625 nostra
867 1575 1022 1640 recognito,
1082 1571 1253 1642 'gentissimc
1269 1571 1364 1632 conie-

182 1649 249 1701 rant
269 1642 360 1698 necin
372 1640 430 1698 illis
439 1638 546 1711 aliquid
555 1637 634 1708 addi,
644 1636 688 1694 vel
700 1638 788 1694 minui
799 1639 973 1710 permittant.
990 1638 1022 1695 ln
1033 1640 1095 1713 ipsa
1104 1657 1171 1700 vero
1181 1642 1364 1702 licentiaori·

183 1687 272 1784 ginali
283 1710 448 1781 obtinenda,
458 1709 493 1766 dc
505 1709 657 1767 collatione
666 1706 750 1778 facta,
760 1714 788 1765 et
799 1706 876 1789 pund
886 1709 999 1765 omnino
1009 1710 1166 1768 concorden
1200 1730 1287 1771 manu
1298 1730 1365 1788 pro·

181 1784 245 1856 pria
254 1776 1148 1852 attestentur:cujuslicentiaecopiainitio,velintinequusque
1190 1783 1365 1842 issalissem·

217 1870 233 1909 r
244 1853 432 1924 imprimatur.
453 1848 534 1921 Quod
547 1850 571 1906 si
582 1865 661 1905 secus
673 1847 801 1916 fecerint,
822 1848 1007 1918 Inquisitores
1018 1851 1186 1921 privationis
1198 1869 1312 1911 suorum
1322 1852 1365 1911 ol·

201 1922 318 1991 ciorum,
336 1937 371 1979 ac
388 1918 577 1977 inhabilitatis
595 1918 631 1975 ad
649 1917 708 1986 illa,
726 1924 754 1974 et
770 1918 827 1975 alia
838 1918 866 1974 in
878 1918 1198 1992 posterumobtinenda3
1217 1922 1365 1981 Ordinarii

182 2000 277 2051 autem
294 1992 420 2048 locorum
440 1986 781 2070 suspensionisadivinis,
800 2003 833 2044 ac
850 1986 994 2046 interdicti
1013 1987 1049 2045 ab
1068 1990 1195 2062 ingressu
1209 1992 1365 2065 Ecclesiae,

182 2079 280 2121 eorum
299 2077 367 2119 vcro
379 2060 488 2118 Vicarii
507 2059 677 2131 privationis
696 2057 828 2116 similitor
844 2056 1016 2129 officiorum,
1035 2065 1063 2116 et
1082 2059 1282 2120 beneficiorum
1301 2080 1366 2122 suo·

183 2149 255 2203 rum,
276 2137 305 2188 et
323 2130 513 2188 inhabilitatis
532 2127 568 2186 ad
586 2129 644 2194 illa,
668 2133 698 2184 et
717 2127 774 2186 alia
793 2128 822 2184 in
842 2133 985 2209 posterum
1004 2127 1166 2201 obtinenda,
1194 2148 1228 2190 ac
1249 2133 1366 2207 iusuper

182 2201 482 2261 excommunicationis
507 2198 613 2271 absque
636 2199 694 2255 alia
718 2196 911 2255 declaratione
934 2215 1039 2271 poenas
1062 2201 1211 2260 incurrant
1235 2219 1269 2260 eo
1293 2204 1365 2276 ipso.

183 2271 335 2331 Caeterum
353 2288 410 2339 pau
430 2285 509 2326 crum
529 2268 735 2331 Ecclesiamm,
762 2267 951 2338 clericorum,
974 2276 1002 2326 ct
1020 2284 1206 2342 personarum
1224 2272 1367 2331 Ecclesia·

183 2342 328 2405 sticarum
348 2357 388 2423 ac·
399 2289 531 2423 lpppogra
553 2339 662 2420 horum,
681 2344 710 2395 et
725 2336 954 2420 Bibliopolarum
972 2355 1154 2422 quorumcum
1175 2358 1210 2399 uc
1228 2342 1367 2401 indemni·

184 2413 253 2471 tatis
270 2428 305 2469 ex
324 2410 500 2482 benignitate
518 2357 685 2481 Appostolica
703 2414 843 2490 rationem
861 2406 1006 2491 habentes,
1030 2409 1135 2468 eisdem
1153 2359 1284 2470 {fiscalia
1300 2413 1367 2471 hac·

184 2489 267 2541 tenus
286 2482 424 2554 impressa
442 2495 528 2563 penes
547 2495 576 2535 se
594 2477 779 2549 habentibus,
803 2483 886 2534 ntea
910 2486 1045 2550 retinere,
1069 2487 1098 2538 et
1121 2480 1179 2539 illis
1202 2484 1259 2553 uti,
1331 2500 1367 2542 nc

184 2551 309 2610 vendere
332 2568 378 2609 rcs
395 2558 491 2633 ‘ectiv‘e
509 2550 645 2632 possint,
656 2548 792 2631 similiter
807 2549 1010 2631 permittimus,
1033 2556 1061 2607 et
1079 2551 1157 2608 indul
1177 2568 1263 2610 emus.
1328 2570 1366 2612 on

185 2620 365 2681 obstantibus
379 2570 520 2690 dlcentiis,
545 2618 662 2703 indultis
702 2626 731 2677 et
749 2619 907 2690 privilegiis
925 2617 1144 2693 qmbuscumque
1159 2568 1368 2697 grypogmphis,

170 2709 237 2766 per
255 2692 325 2765 Nos,
342 2708 391 2750 scu
409 2691 553 2749 Romanos
571 2663 724 2748 Pontifices
742 2687 974 2761 praedecessores
992 2697 1113 2763 nostros,
1131 2692 1249 2752 Missale
1267 2694 1368 2766 impri-

184 2763 282 2822 mendi
300 2762 453 2833 concessis,
477 2777 549 2833 quae
567 2775 618 2832 per
636 2767 800 2832 praesentes
823 2775 955 2833 expresse
977 2776 1156 2832 revocamus,
1180 2769 1209 2821 et
1231 2771 1368 2824 revocata

184 2833 393 2892 essevolumus
421 2848 548 2889 necnon
567 2829 827 2899 constitutionibus,
846 2837 875 2889 et
893 2829 1120 2890 ordinationibus
1131 2833 1304 2906 Apostolicis
1320 2851 1369 2907 gc-

184 2902 339 2974 neralibus‚
360 2877 405 2959 vel
423 2900 602 2974 specialibus,
626 2900 655 2956 in
675 2901 848 2982 contrarium
869 2901 1086 2982 praemissorum
1105 2902 1309 2974 quomodocum
1331 2922 1367 2963 uc

186 2976 341 3043 concessis,
369 2971 536 3056 approbatis
559 2977 588 3028 et
611 2971 793 3054 conhmiatis.
830 2969 938 3052 Quibus
964 2969 1093 3029 omnibus
1116 2974 1227 3055 etiamsi
1251 2973 1286 3032 de
1308 2922 1369 3033 dlis

186 3039 591 3182 mutatibilitate
609 3039 1369 3184 ttttttltldtlaitrsltttttlttitt

187 3158 335 3242 dumtaxat
355 3182 529 3254 specialiter,
554 3188 583 3237 et
601 3196 732 3263 expresse
755 3179 931 3251 derogamus.
967 3180 1103 3240 Volumus
1122 3157 1215 3241 autem
1234 3192 1266 3242 ut
1285 3201 1369 3257 prae·

187 3253 309 3313 sentium
327 3252 616 3334 transuniptisnetiam
635 3251 789 3333 impressis,
807 3250 1031 3378 manutalicussus
1048 3252 1161 3310 Notarii
1179 3253 1285 3315 nublici
1303 3254 1370 3313 sub-

187 3324 311 3395 scriptis,
330 3329 359 3380 et
375 3322 468 3394 sigillo
486 3320 605 3391 aliciuus
623 3336 763 3392 personae
780 3337 810 3377 in
829 3320 968 3392 dignitate
1004 3321 1179 3381 eclesiastica
1197 3326 1369 3383 constitutae

188 3393 313 3461 munitis,
331 3392 430 3450 eadem
449 3408 566 3462 prorsus
585 3389 654 3448 tides
664 3390 841 3462 adhibeatur,
860 3407 932 3462 qnae
950 3391 1021 3463 ipsis
1039 3393 1236 3465 praesentibus
1254 3394 1370 3453 adhibe

191 3470 281 3533 retur,
299 3462 324 3521 si
341 3468 435 3521 essent
452 3459 595 3518 exhibitae
613 3460 658 3518 vel
676 3467 814 3521 ostensae.

240 3549 365 3633 ‚Datum
385 3549 492 3606 Romae
514 3547 590 3621 apud
608 3547 739 3632 Sanctam
757 3549 880 3606 Mariam
897 3548 1052 3633 Majorem.
1063 3548 1115 3608 sub
1134 3550 1249 3609 Annulo
1260 3551 1369 3634 ,Pisca-

189 3618 496 3750 tirffgssscffldecunda
514 3618 689 3691 Septembris
706 3618 943 3677 M.DC.XXXIV.
966 3618 1154 3679 Pontificatus
1177 3629 1267 3680 nostri
1293 3639 1369 3682 anno

403 3766 439 3830 ll·
464 3763 495 3828 d·
519 3765 687 3876 ll'flllfflls‘
977 3811 1002 3870 J.
1020 3811 1160 3872 διιιιιιι.

248 4094 344 4198 iix
381 4089 897 4199 DECRETORUM
935 4091 1314 4202 REGISTRO

394 4247 541 4344 Sacrae
563 4245 751 4344 Rittium
777 4246 1157 4366 torigimatioms.

190 4437 312 4570 Sdcra
329 4440 447 4500 Rittium
464 4440 574 4514 congro
611 4442 652 4500 tio
671 4440 846 4500 inhaerendo
868 4439 997 4500 Demetis
1021 4440 1092 4498 alias
1116 4438 1212 4513 factis,
1237 4439 1372 4514 prohibet

254 4511 369 4572 omnino
378 4511 482 4570 Missas
500 4527 518 4569 a
537 4512 565 4569 S.
631 4511 804 4638 §milrefflh
823 4528 880 4569 non
899 4510 1079 4640 ἳξιριοὶιιιιιι,
1098 4516 1127 4594 et
1145 4511 1370 4594 signanterblis·

180 4581 907 4725 rasatabbitltdttilmft
923 4578 1372 4726 wilibaldi&

772 4763 784 4805 8
