3025 5400
434 1230 652 1313 typographus
672 1224 903 1295 bulloniensis
929 1221 1054 1287 lectori.

645 1369 856 1435 milwe&

234 1499 266 1562 lo
285 1499 373 1560 linem
396 1497 491 1560 habet
511 1497 667 1569 Romana,
691 1518 770 1560 anno
790 1497 874 1561 1856
894 1497 973 1580 typis
992 1495 1116 1576 Josephi
1136 1493 1283 1557 Salvinooi
1301 1502 1334 1556 et

256 1586 411 1648 Francisoi
431 1585 484 1647 tilii
513 1587 645 1666 perfecta
673 1586 779 1657 editio.
814 1605 904 1667 quem
932 1584 1043 1647 nostris
1062 1581 1333 1646 Ratisbonensibus

163 1674 244 1755 typis
264 1673 369 1736 minori
390 1672 448 1735 heo
462 1692 498 1736 ac
520 1673 651 1734 manuali
665 1674 764 1735 forma
778 1672 1031 1754 reprodnoendem
1047 1670 1223 1733 curavimus.
1247 1666 1333 1738 Quae

162 1757 1211 1929 melre:<olerurestituerent:

162 1945 254 1998 tonas
265 1935 409 2016 quasdam
421 1936 450 1996 in
459 1935 577 1996 Missali
585 1935 722 1998 Romano
734 1936 957 1998 emendationes
963 1934 1208 2015 praescribenda,
1218 1934 1334 2014 publice

161 2022 292 2103 primum
313 2022 517 2096 innotuerunt3
537 2021 624 2104 longe
643 2025 788 2103 majorem
808 2024 925 2104 quidem
946 2023 1118 2084 mendarum
1136 2029 1264 2102 partem,
1282 2021 1336 2083 sed

162 2130 224 2173 non
245 2128 363 2182 ornnes,
392 2110 422 2170 in
440 2109 498 2171 hac
518 2108 646 2170 editione
666 2111 786 2183 tollere,
818 2130 952 2191 novaque
975 2110 1183 2172 additamenta
1205 2110 1336 2172 inserere

162 2197 257 2260 licuit
303 2194 516 2267 Quamobrem,
539 2206 574 2258 ut
593 2197 668 2259 haec
687 2198 779 2261 editio
801 2217 924 2278 prorsus
939 2207 1075 2260 correcta
1097 2197 1233 2278 prodeat,
1258 2195 1337 2258 indi·

164 2284 264 2347 culum
284 2284 459 2346 mendarum
477 2282 526 2345 hio
542 2284 756 2365 subjiciendum
776 2286 922 2358 duximus,
946 2304 1022 2366 qnae
1040 2285 1070 2346 in
1085 2284 1233 2346 nonnullis
1247 2282 1337 2357 loliis,

164 2382 236 2434 ante
256 2371 317 2433 ista
338 2370 460 2433 decreta
480 2372 604 2452 vulgata
624 2372 787 2453 impressis,
809 2381 1025 2435 remanserunt

252 2459 376 2539 Insuper
398 2477 486 2539 quum
508 2459 539 2520 in
560 2459 754 2538 plurimorum
777 2461 855 2523 votis
879 2461 935 2533 sit,
959 2469 994 2522 nt
1015 2459 1092 2521 alias
1112 2458 1203 2520 etiam
1226 2457 1338 2519 Missas

163 2544 353 2626 inpromptu
374 2544 516 2618 habeant,
540 2565 616 2626 quae
635 2566 690 2627 pro
712 2548 888 2628 quibusdam
908 2547 1068 2627 provinciis
1089 2555 1141 2607 aut
1163 2545 1339 2608 dioeoesibus

164 2651 334 2706 concessae,
355 2643 457 2695 tamen
477 2633 507 2695 in
523 2633 663 2696 Murena
679 2634 809 2698 editione
830 2636 1046 2708 desiderantur,
1069 2633 1139 2696 hino
1158 2633 1339 2715 vulgatiores

165 2721 312 2800 ejusmodi
331 2722 452 2793 Missas,
473 2741 511 2784 ex
531 2722 706 2786 Missalibus
726 2742 779 2785 seu
799 2724 942 2803 Propriis,
965 2732 999 2784 ut
1016 2733 1135 2792 vocant,
1159 2720 1339 2783 Dioeeesium

165 2817 219 2871 aut
245 2808 439 2890 Regularium
460 2809 672 2881 Familiarunr‚
700 2832 766 2873 oum
796 2809 1022 2873 Ordinatiorum
1050 2830 1102 2872 seu
1129 2810 1339 2871 Praelatorum

165 2896 350 2960 auctoritate
370 2897 495 2968 excusis.
519 2898 548 2957 iu
571 2917 661 2959 unum
680 2899 828 2981 colligere,
851 2900 950 2980 sicque
972 2907 1129 2979 congestas
1144 2899 1199 2959 sub
1214 2896 1340 2976 Appen·

166 2982 242 3046 dicis
262 2984 380 3047 nomine
400 2983 448 3046 hic
471 2984 582 3047 addere
602 2984 698 3047 visum
717 2995 772 3049 est.

617 3145 894 3217 Emendanda

313 3262 382 3326 justu
400 3259 426 3312 S.
447 3258 494 3311 llll.
514 3257 708 3322 denigregullonls
728 3253 846 3306 decretum
866 3252 893 3303 de
913 3252 950 3303 dle
967 3250 1011 3303 25.
1031 3251 1095 3315 Sept.
1121 3245 1200 3298 loeo.

165 3368 233 3430 Fol.
258 3367 307 3430 15.
330 3369 360 3431 b.
384 3369 496 3451 Vigilia
517 3369 618 3434 Nativ.
640 3370 723 3433 Dni:
747 3372 833 3433 Tolle
851 3370 1013 3435 Rubricam
1032 3378 1101 3450 post
1121 3367 1295 3447 „Secreta.“

188 3501 209 3528 „
256 3453 308 3516 59.
331 3475 358 3517 a.
384 3458 474 3519 Feria
492 3459 530 3520 vi.
550 3467 620 3538 post
638 3458 777 3521 Cineres:
800 3460 829 3521 in
848 3457 1035 3522 conclusione
1051 3454 1342 3520 Postcommunionis

429 3544 495 3608 dele
519 3547 641 3609 verbum
666 3542 821 3630 ejdem.

189 3675 210 3702 ,.
235 3627 307 3695 177.
331 3649 359 3698 a.
382 3632 475 3694 Feria
492 3633 531 3696 vi.
552 3631 582 3694 in
600 3633 785 3696 Pareseeve:
806 3643 877 3715 post
895 3633 1128 3696 incensationem
1145 3632 1261 3694 Altaris
1276 3632 1343 3694 Ru-

428 3720 512 3783 brloa
533 3719 576 3782 sle
596 3720 777 3803 corrigatur:
808 3719 936 3789 Quando
957 3720 1050 3781 reddit
1074 3718 1252 3779 tluuilnrlunr
1278 3717 1345 3774 ulin-

193 3938 213 3965 „
242 3891 313 3955 180.
337 3894 365 3955 1).
389 3835 527 3957 Salllll
541 3814 666 3959 lfflcto:
693 3907 764 3977 post
782 3895 998 3977 praescriptum
1018 3893 1182 3957 Rubricue:
1203 3891 1345 3973 Sequitur

433 3980 650 4057 Subdiaoonus‚
674 3983 739 4046 dele
762 3986 872 4046 verbe:
901 3981 1058 4045 turricelle
1081 3979 1217 4044 indutus
1239 3978 1345 4041 violo-

435 4069 485 4131 coi
507 4067 640 4133 coloris.

195 4200 214 4226 ,,
238 4154 311 4216 201.
336 4155 363 4216 1).
386 4152 524 4220 Sabbato
537 4166 656 4221 saneto:
672 4157 901 4221 inconclusione
917 4157 1062 4219 orationis
1074 4155 1244 4218 immediate
1255 4174 1346 4235 prae-

432 4246 564 4308 cedentis
582 4244 820 4308 benedictionem
842 4246 934 4308 fontis
956 4245 1022 4307 dele
1044 4245 1168 4307 verbum
1187 4238 1345 4326 ejusdem.

194 4374 213 4402 „
238 4330 313 4395 201.
337 4329 365 4391 b.
388 4329 519 4395 Ibidem:
549 4333 580 4396 in
599 4332 735 4436 Rubriae¹
752 4343 823 4414 post
846 4332 1035 4434 praedictam
1061 4331 1227 4395 orationem
1251 4330 1346 4391 adde:

195 4484 215 4576 ,’,
240 4504 314 4566 210.
338 4522 367 4564 a.
390 4423 944 4654 Sassffltgprsrppctp:rrppscgpcplrllpizhe
965 4507 1111 4570 orationis
1134 4506 1200 4568 dele
1224 4506 1347 4567 verbum

199 4723 219 4751 „
243 4676 318 4739 212.
341 4679 371 4743 1).
397 4610 784 4746 mldgrlzeil'conouione
804 4680 949 4745 orationis
968 4682 1034 4745 dele
1049 4682 1174 4745 verbum
1192 4676 1351 4764 ciri-edera.
