3025 5400
234 539 284 608 98·
423 536 560 599 Sabbato
582 547 651 617 post
674 536 863 597 Dominioam
889 538 937 599 lll.
962 536 1213 611 lTlua-drapeoimoe.

375 674 658 746 Postoonnnnnio.
828 675 924 764 justi,
952 673 1153 744 emdiorunt
1170 672 1280 743 filium
1309 694 1404 744 suam

329 765 387 854 jus
410 784 482 855 nos,
507 762 661 847 Domine,
686 764 805 850 porco·
834 761 1018 832 secondum
1031 762 1142 850 legem
1159 761 1285 850 Moysi.
1317 760 1404 831 Erat

324 853 396 941 ptio
426 850 636 920 Sacramonti
664 848 806 919 mundet
831 848 1097 919 autemJoakim
1117 848 1213 919 dives
1234 848 1346 936 valde,
1369 854 1401 919 et
1426 860 1428 897 ff

234 940 434 1011 acrimine:
459 945 495 1007 ot
518 937 560 1007 ao
583 937 804 1007 coelostiare-
832 943 906 1008 erat
951 938 982 1007 ei
1026 936 1215 1025 pomorium
1253 936 1397 1007 uicinum

233 1049 301 1118 gno
323 1026 497 1116 perdocui..
528 1025 596 1094 Per
612 1024 802 1094 Dominum.
831 1025 943 1094 oomni
967 1044 1051 1094 suae:
1077 1031 1112 1094 et
1135 1022 1179 1093 ad
1194 1024 1307 1112 ipsum
1323 1044 1396 1094 con·

232 1110 339 1208 'Allan
358 1110 571 1199 Posiromnn,
593 1119 631 1182 ot
649 1116 683 1184 in
700 1114 803 1185 Faria
830 1112 980 1183 fluobant
991 1111 1013 1183 J
1017 1111 1115 1198 udaei,
1139 1133 1179 1181 eo
1201 1110 1396 1200 quodenset

230 1218 272 1287 m.
298 1198 466 1288 illiorum,
490 1199 545 1269 fol.
572 1203 622 1269 oo.
830 1199 1060 1270 honorabilior
1075 1199 1233 1269 omnium.
1258 1198 1395 1273 Eleon·

252 1286 543 1375 Superpopulum.
560 1289 714 1358 iluimus,
729 1287 801 1356 Hu-
830 1288 940 1357 stitoti
977 1293 1058 1357 sunt
1092 1284 1134 1355 do
1166 1286 1299 1442 Kopulo
1335 1284 1395 1357 duo

232 1376 361 1445 milioto
384 1377 497 1465 copiia
519 1382 636 1445 vostra
658 1375 741 1445 Deo.
830 1396 927 1445 sonos
946 1374 1081 1463 jndices
1103 1374 1164 1443 ini
1192 1392 1335 1445 oanno:
1359 1372 1395 1443 de

451 1464 580 1532 (natio.
852 1463 952 1532 uibus
982 1462 1116 1531 locotus
1139 1466 1192 1530 est
1217 1462 1395 1531 Dominus:

290 1550 427 1637 nasta,
489 1571 658 1620 naesmnus
696 1550 803 1618 omni-
828 1484 916 1705 {uia
938 1551 1078 1638 egrossa
1102 1556 1155 1618 est
1176 1549 1340 1637 iniquitas
1356 1546 1395 1619 oe

315 1645 437 1726 potens
460 1572 571 1707 oeus:
594 1638 658 1721 ut,
714 1637 748 1705 ni
768 1637 802 1705 in
859 1637 1003 1726 abylone
1034 1657 1055 1704 a
1086 1635 1277 1706 senioribus
1315 1634 1397 1707 'udi-

142 1748 146 1755 ·
232 1735 291 1794 tua
334 1725 545 1813 protectione
591 1658 801 1809 corilionis,
829 1726 940 1809 cibun,
968 1723 1025 1812 qui
1049 1722 1254 1793 videbontur
1279 1658 1322 1796 ro
1361 1742 1396 1793 re

232 1820 354 1882 cuncta
376 1812 474 1882 nobis
502 1812 735 1891 adversantia,
764 1820 801 1879 to
827 1812 998 1901 pipulum.
1045 1810 1107 1879 Isti
1134 1744 1397 1898 frequentooont

231 1900 425 1990 aoljuvonte.
439 1901 622 1970 vincamus.
651 1898 801 1969 PerDo-
828 1899 962 1969 domum
985 1897 1131 1984 Joakim‚
1159 1904 1193 1967 et
1216 1900 1397 1971 veniobant

231 1988 357 2057 minum
379 1992 543 2058 nostrum.
828 1986 871 2055 ad
900 2008 958 2056 oos
986 2007 1115 2071 omnen,
1146 1986 1205 2074 qui
1228 1982 1397 2059 habobuut

465 2115 571 2163 nassa
824 2074 962 2165 judicia.
1009 2072 1093 2144 Cum
1115 2081 1230 2143 autem
1247 2072 1397 2176 populus

827 2162 1029 2231 revertisset
1050 2179 1120 2249 per
1134 2160 1321 2251 merldrem,
1347 2162 1396 2231 in·

412 2234 629 2324 sabbato·
828 2248 1050 2338 gradiebatur
1064 2248 1245 2349 ,Susanna
1276 2258 1314 2320 et
1340 2248 1397 2351 da·

350 2358 426 2411 soon
446 2358 474 2411 n
494 2356 518 2410 s.
538 2355 681 2410 sosannim.
828 2336 1024 2406 arrrbulobat
1061 2357 1096 2405 1n
1137 2337 1290 2425 pomorio
1334 2337 1398 2407 vin

416 2438 540 2493 innotos.
679 2442 716 2495 rs.
738 2444 761 2497 5.
828 2425 888 2494 sui.
935 2424 983 2493 nt
1011 2422 1173 2494 vidobant
1201 2444 1277 2494 eam
1300 2442 1399 2495 senas

382 2512 477 2581 Erbn
488 2532 563 2580 mea
572 2511 710 2580 noiibus
723 2511 800 2597 por·
828 2511 981 2600 quotidie
1004 2509 1263 2599 ingrediontem,
1287 2520 1323 2581 et
1339 2510 1397 2581 de·

396 2600 488 2687 cipe,
519 2598 672 2684 Domino,
701 2598 800 2667 inlol·
827 2599 1075 2669 arnbuloniem:
1120 2605 1155 2667 ot
1195 2600 1399 2670 exarsoruut

397 2686 655 2775 ligoolanrorom
671 2706 798 2755 meum:
826 2688 860 2756 in
891 2686 1195 2776 concupiscontiam
1225 2686 1323 2777 ejus:
1364 2690 1398 2756 et

228 2775 364 2845 intomlo
400 2775 473 2843 voni
508 2774 670 2843 orationis
704 2793 798 2860 meae,
829 2777 1027 2845 en'ertorunt
1045 2789 1194 2844 ¹sensum
1217 2796 1333 2863 suum,
1363 2781 1398 2844 et

230 2864 301 2933 Rex
325 2885 430 2949 innuo,
454 2869 489 2930 ot
513 2862 605 2931 [leus
628 2882 733 2930 mous.
827 2863 1081 2933 declinavorunt
1103 2861 1216 2932 oculos
1240 2883 1332 2948 sum,
1359 2868 1397 2932 ut

251 2951 303 3019 l’s.
318 2952 361 3020 ilo.
382 2949 548 3036 Quoniam
569 2947 612 3018 ad
629 2957 665 3017 te
682 2949 796 3035 oribo
825 2972 891 3020 non
920 2949 1076 3019 vidisent
1110 2949 1249 3038 arulum,
1284 2969 1396 3052 neque

227 3037 387 3124 Domine,
420 3057 517 3106 numo
547 3036 709 3105 exaudies
737 3057 797 3105 vo-
824 3037 1086 3108 rocoronontur
1107 3035 1315 3126 judiciorum
1340 3058 1395 3130 Ju-

228 3146 299 3194 com
323 3145 442 3193 meam.
482 3129 518 3202 ll.
551 3122 668 3193 Gloria
690 3123 796 3193 Patri.
825 3126 965 3194 storum.
1012 3125 1153 3194 Faotmn
1184 3133 1238 3195 est
1272 3132 1394 3214 auiam,

298 3298 301 3302 Ι
447 3216 575 3284 (uranio.
825 3234 899 3282 oum
923 3214 1147 3283 observorent
1162 3211 1252 3283 diem
1268 3221 1392 3303 aptum,

284 3298 420 3375 limato,
458 3320 651 3452 pnausmnus
689 3300 795 3369 omni·
824 3302 977 3388 ingrossa
999 3308 1051 3370 est
1078 3299 1278 3389 aliquando,
1307 3300 1392 3371 sicut
1425 3355 1428 3364 .

307 3392 428 3473 potens
452 3386 464 3454 l
485 3407 562 3455 oria:
591 3391 643 3472 ut,
667 3385 725 3542 oni
748 3407 795 3474 se,
824 3388 898 3456 hori
936 3393 971 3457 et
1009 3387 1277 3477 nudiustertius,
1319 3407 1390 3462 cum

226 3471 406 3561 alligonllo
430 3495 574 3556 carnem,
598 3472 641 3542 ob
657 3495 677 3541 a
691 3473 795 3542 imon·
824 3475 955 3545 (luobus
984 3476 1063 3544 solis
1091 3474 1233 3564 puollis,
1269 3476 1389 3547 voluit·

227 3561 270 3629 lis
295 3561 482 3646 obstinont3
513 3558 673 3630 sectorrdo
691 3560 795 3649 justi·
824 3583 887 3650 que
911 3563 1019 3632 lai-'ori
1041 3563 1076 3632 in
1097 3563 1265 3652 pomorio:
1289 3569 1390 3634 aestus

226 3649 318 3734 tiam,
350 3648 673 3736 acnlpmjojimont.
727 3648 796 3718 Por
823 3651 947 3739 quippe
971 3658 1066 3720 erat:
1096 3656 1131 3720 et
1158 3672 1226 3720 non
1250 3657 1327 3722 emt
1346 3649 1390 3720 ibi

226 3734 416 3828 llorninpm.
823 3739 1010 3844 qnisquam,
1034 3743 1161 3827 praeter
1184 3738 1271 3809 duos
1295 3757 1390 3810 senes

247 3823 534 3894 nominatiores.
550 3828 629 3896 utin
642 3829 793 3899 lor-inin.
823 3825 1056 3909 ansconlitos,
1091 3832 1125 3896 et
1160 3827 1390 3916 contemplor}-

226 3910 395 3998 l'inornm,
420 3912 474 3980 l'ol.
498 3903 549 3979 53.
823 3921 874 3982 tos
903 3935 986 3982 earn.
1032 3913 1130 3984 Dixit
1149 3933 1231 4003 ergo
1254 3913 1388 4003 puollis:

259 3996 373 4064 lontio
397 3996 547 4065 Daniolis
570 3995 763 4084 Prophotae.
823 4000 953 4070 All'orto
977 4001 1058 4070 milri
1081 4000 1202 4089 oleum,
1231 4007 1266 4071 et

357 4170 362 4181 Ι
438 4111 509 4184 unp.
531 4094 578 4159 13.
822 4094 929 4172 mata,
962 4094 997 4157 et
1024 4089 1113 4159 ostia
1134 4089 1280 4177 pomorii
1302 4088 1354 4170 cla
1375 4125 1390 4138 ·

266 4168 294 4236 N
331 4169 451 4238 dnobus
485 4171 575 4240 olis:
621 4171 707 4240 Erat
742 4173 795 4241 vir
822 4175 908 4263 orte,
941 4183 980 4245 ut
1013 4176 1118 4246 lavor.
1164 4175 1251 4245 Cum
1278 4186 1391 4247 autem

288 4257 444 4356 lnioitans
474 4259 507 4326 in
534 4258 725 4347 Babylone,
759 4267 794 4329 ot
822 4266 967 4351 egrossae
998 4270 1112 4334 essent
1142 4262 1281 4353 puollae,
1318 4284 1390 4335 sur·

223 4365 344 4442 nonno
368 4366 442 4430 epus
462 4345 613 4416 tloalzim:
640 4355 674 4416 ot
697 4351 793 4418 uoco·
821 4353 984 4420 ronorunt
1007 4351 1074 4422 duo
1090 4372 1197 4438 senaa
1222 4357 1257 4422 et
1273 4372 1391 4424 accur·

224 4439 274 4518 prt-
291 4431 429 4499 nxinum
450 4434 584 4503 nomine
597 4435 792 4522 Susannam,
820 4439 940 4508 norunt
962 4437 1006 4507 ad
1029 4461 1119 4522 eam,
1150 4445 1186 4508 et
1212 4438 1390 4510 dixorunl:

223 4517 326 4616 illlam
356 4518 500 4604 Heleia,
535 4520 711 4609 pulchram
742 4524 793 4592 ni-
822 4525 911 4595 Ecce
924 4527 1011 4596 ostia
1023 4527 1165 4616 pomorii
1177 4525 1294 4597 clausa
1302 4533 1391 4614 sunt,

220 4626 294 4686 nnn,
320 4614 354 4673 ol
374 4607 549 4676 timonium
574 4609 699 4677 Deum:
732 4632 793 4698 pa·
821 4619 856 4682 et
877 4635 974 4683 nomo
998 4635 1059 4685 nos
1082 4612 1186 4700 videt,
1211 4622 1247 4684 et
1271 4636 1335 4685 nos
1358 4615 1393 4685 in

204 4692 328 4760 rontos
351 4694 561 4786 ariminium,
585 4706 798 4770 nominasent
824 4702 1096 4792 nononpiaooniia
1145 4701 1198 4774 tui
1251 4723 1392 4775 sumus:
