3025 5400
527 521 683 583 Dominica
705 523 741 583 de
766 523 919 587 passione.
1243 528 1306 596 117

139 660 321 757 Sequentia
338 664 449 735 suncti
459 662 638 754 Evangelii
655 683 709 733 se·
737 684 843 733 annos
854 662 1001 733 nondum
1014 664 1129 751 habes
1146 671 1181 734 et
1194 666 1305 736 Abro-

179 751 328 825 cundum
347 750 524 823 Josnnem.
589 772 615 818 c.
632 760 663 818 ὅ.
735 752 813 821 hom
836 750 974 821 vidisti?
1009 751 1106 821 Dixit
1122 753 1171 822 eis
1185 752 1303 824 Jesus:

193 839 280 911 'mo
297 840 467 929 tempore:
488 838 632 909 Dicebat
647 835 708 908 Je-
735 839 861 926 Amen,
886 860 982 908 umen
1004 839 1078 910 dico
1102 841 1215 929 vobis,
1245 844 1304 911 tn-

186 948 244 997 sns
260 927 377 999 turbis
392 925 605 998 Judaeorum:
626 924 708 1083 {uis
734 931 870 1015 tequam
895 927 1068 997 Abrohom
1092 927 1209 1011 fieret,
1241 949 1303 1019 ego

89 1088 91 1101 ,
136 1014 282 1087 euobis
294 1016 421 1105 trgoet
431 1035 485 1084 me
497 1013 540 1083 de
552 1034 631 1102 pecc
655 1013 708 1083 to?
735 1035 819 1083 sum.
866 1014 1030 1084 'inierunt
1053 1036 1135 1106 orgo
1162 1015 1303 1105 lapides,

135 1102 367 1175 Siveiitotcm
383 1101 458 1173 dico
473 1101 580 1189 vobio,
603 1120 708 1191 quare
735 1109 774 1171 ut
804 1102 961 1192 jtcerent
995 1104 1029 1172 in
1067 1124 1159 1172 enm:
1201 1103 1303 1175 iesus

134 1212 196 1263 non
210 1190 360 1261 creditis
373 1189 478 1260 mihi?
498 1187 563 1276 Qui
578 1210 619 1259 ex
633 1187 707 1258 Deo
735 1197 848 1259 autem
872 1189 1049 1260 abscondit
1073 1211 1118 1277 so,
1143 1197 1178 1261 et
1199 1192 1304 1262 exivit

136 1286 194 1365 ost,
209 1278 323 1349 verbu
334 1276 401 1348 Dei
416 1275 524 1347 audit.
547 1276 708 1365 Propter·
735 1275 778 1346 de
800 1277 937 1371 templo.
983 1276 1106 1347 i'redo.

137 1386 174 1437 eo
197 1386 263 1435 ros
290 1385 360 1436 non
384 1363 529 1451 auditis,
560 1364 639 1453 qnia
665 1383 708 1432 ex
757 1361 986 1429 iiii'emonuni.
1019 1362 1069 1431 i's.
1095 1369 1161 1432 llo,
1180 1374 1211 1433 ct
1234 1368 1301 1431 ils,

138 1452 205 1523 Deo
224 1472 298 1523 non
323 1453 416 1522 estis.
446 1449 708 1541 Responderunt
734 1448 931 1521 i'onfitebor
960 1452 1039 1540 tibi,
1074 1452 1234 1539 Domine,
1268 1453 1302 1521 in

138 1560 212 1631 ergo
239 1538 377 1627 ouum,
411 1545 445 1608 ct
473 1537 632 1609 dixerunt
659 1538 706 1608 oi:
734 1544 808 1608 toto
824 1538 925 1609 corde
941 1560 1031 1609 meo:
1056 1540 1209 1610 retribue
1230 1559 1302 1609 ser-

139 1626 255 1699 mnne
271 1628 362 1701 bene
378 1625 519 1697 dicimus
536 1645 595 1695 nos
630 1626 709 1715 quio
734 1648 777 1696 vo
800 1634 877 1696 tuo:
906 1626 1033 1714 vivam,
1057 1631 1093 1697 et
1115 1626 1303 1697 custodiam

137 1714 370 1787 &marionis
392 1734 429 1783 es
452 1719 489 1783 tn
525 1720 560 1783 et
583 1681 707 1783 [iaemo-
735 1715 908 1784 sermones
945 1722 1039 1784 tuos:
1078 1714 1213 1784 vivifico
1249 1735 1302 1783 me

137 1802 225 1873 nium
239 1768 706 1903 habesiRespinditJesns:
735 1802 918 1872 secundum
937 1802 1078 1872 uerbum
1100 1808 1208 1889 tunm,
1234 1801 1302 1870 Do-

242 1888 446 1961 daemomum
481 1909 547 1958 non
581 1888 706 1959 huibeo:
733 1890 833 1959 mino.

214 1974 406 2049 honorifico
425 1975 563 2045 Patrem
585 1980 706 2061 iheum,
945 1975 1093 2045 Secreto.

135 2072 172 2135 et
191 2086 258 2135 vos
279 2063 509 2135 inhonortstis
530 2084 594 2133 me.
632 2062 707 2152 Ego
807 2064 873 2136 AEc
910 2067 1071 2146 munero,
1109 2083 1303 2151 qnaesumus

134 2160 254 2223 antem
295 2172 363 2222 non
403 2171 517 2252 quaero
565 2150 706 2241 glorium
832 2151 993 2239 Domino,
1026 2155 1061 2220 et
1083 2149 1216 2220 vinculo
1243 2171 1303 2219 no·

133 2260 263 2399 nte
285 2237 707 2397 mummium:
733 2245 817 2396 tii?
831 2237 1303 2397 iitii‘iimitiimini

135 2414 204 2485 bis:
229 2412 268 2485 Si
290 2414 366 2515 quis
389 2380 576 2483 sermonem
595 2433 706 2514 meum
734 2414 921 2485 concilient.
958 2414 1025 2505 Per
1048 2413 1238 2483 Dominum.

136 2504 338 2589 seminent,
359 2508 502 2571 mortem
525 2522 591 2570 non
611 2500 707 2571 vide·
871 2501 985 2571 nimiu
1013 2504 1160 2569 sueretu.

136 2576 423 2661 bitinaetcmum.
445 2589 706 2689 Dineruntergo
744 2589 796 2656 voi
822 2600 937 2658 comm
963 2596 1132 2676 persecut.
1158 2588 1286 2657 Herios.

140 2765 341 2836 oaemonium
373 2764 489 2836 habes,
533 2764 705 2834 Abrohom

138 2674 707 2767 Jndaei:Nunccognonmus,qu1a
733 2675 925 2921 ssRotege
948 2696 1025 2765 nos,
1049 2674 1208 2762 Domine,
1233 2673 1302 2743 tuis

825 2765 996 2852 mysteriis
1027 2764 1232 2833 servientes:
1265 2767 1303 2829 ut

140 2853 294 2922 mortuus
316 2858 379 2954 est²
403 2861 436 2922 et
452 2852 648 2940 Prophetes:
673 2857 707 2920 et
757 2853 857 2923 ininis
880 2852 983 2922 robus
1012 2851 1235 2936 innocentes,
1268 2857 1302 2918 et

139 2951 176 3010 tu
204 2939 309 3010 dicis:
345 2938 380 3009 Sl
410 2941 486 3029 quis
519 2939 706 3009 somniuem
733 2940 875 3029 corpore
914 2941 975 3010 tibi
1010 2938 1224 3025 famulemur,
1268 2945 1303 3006 ot

140 3047 248 3098 neum
273 3028 473 3114 serutvenit,
502 3048 567 3096 non
600 3028 707 3096 rustt·
733 3035 857 3097 mente.
896 3028 964 3097 Per
987 3027 1177 3097 Dominum.

141 3115 186 3185 bit
196 3121 345 3185 mortem
358 3115 391 3186 in
408 3115 579 3184 oeternum.
601 3149 614 3182 i
634 3134 707 3182 um-
883 3114 946 3182 Vol
972 3135 1032 3200 uno
1057 3113 1159 3201 Papo.

140 3201 219 3360 auid
241 3209 282 3272 tu
303 3203 411 3291 moion
426 3223 463 3271 es
479 3208 576 3291 patro
592 3208 707 3271 nostro
793 3201 912 3283 Bittis,
937 3222 1128 3291 qnaesunius
1150 3199 1302 3282 Domine,

171 3288 313 3360 binhoin
364 3291 421 3378 qui
451 3290 605 3359 mortuus
634 3289 707 3358 est?
815 3290 951 3379 placore
966 3288 1178 3359 munoribus:
1204 3293 1238 3356 ct
1254 3286 1302 3356 fo-

141 3385 173 3447 et
219 3344 405 3465 Propiietae
451 3377 574 3447 mortui
620 3382 707 3445 sunt.
734 3377 860 3445 mnlnm
884 3384 980 3446 tuum
1007 3380 1048 3446 N.
1072 3396 1169 3464 quom
1188 3374 1302 3463 posto·

140 3464 246 3621 anem
264 3465 411 3552 teipsum
430 3465 533 3534 iacis?
556 3463 707 3552 Respon-
734 3486 806 3534 roni
845 3465 1008 3536 Ecclesia*¹
1045 3471 1112 3533 tuoe
1154 3464 1302 3550 pracesse.

164 3553 189 3620 't
222 3549 350 3621 Jesus:
388 3551 424 3620 Si
460 3572 522 3641 ego
558 3551 708 3640 glorifico
735 3552 889 3640 voluisti,
923 3552 1060 3622 assiduo
1091 3550 1302 3640 protectione

140 3641 304 3728 meipsum
368 3638 477 3729 gloria
514 3659 589 3708 mea
625 3637 708 3707 nihii
735 3641 897 3730 guberna.
928 3641 995 3710 Per
1017 3640 1208 3708 Dominum.

143 3734 207 3796 est:
232 3732 287 3795 est
309 3693 415 3796 fater
433 3746 538 3814 meus,
562 3726 620 3815 qlli
635 3725 707 3812 glo·
763 3727 917 3795 i'emi'tttio
942 3727 983 3793 de
1007 3729 1125 3793 (linco.
1153 3749 1228 3812 ome
1254 3727 1302 3793 ‹li-

89 3875 91 3882 .
142 3815 248 3884 riiicot
274 3834 345 3898 me,
380 3835 479 3903 quem
502 3834 563 3882 vos
586 3809 707 3900 dicitis,
736 3817 825 3884 citm·
856 3814 1006 3900 qnotidie
1037 3834 1144 3899 usquc.
1173 3813 1215 3881 :ul
1244 3813 1303 3878 iu-

143 3901 217 3990 quia
239 3899 335 3972 Dens
358 3907 558 3988 vestorest,
586 3908 707 3970 etnon
735 3904 820 3971 nium
863 3923 891 3968 u.
936 3901 969 3968 iu
1011 3900 1111 3970 i‘nnu
1162 3900 1302 3968 nonno.

143 3988 345 4078 cognovistis
376 4009 465 4058 eum:
501 4009 564 4079 ego
595 3994 707 4058 autem
737 3991 838 4058 otium
862 3989 892 4055 in
911 3988 1016 4055 Minu
1039 3988 1080 4056 «io
1103 3987 1215 4059 i'cstn.
1238 3987 1303 4054 nisi

143 4077 216 4146 noni
240 4097 336 4146 oum:
360 4077 447 4146 etsi
471 4074 605 4161 dinero,
629 4075 709 4163 quia
737 4077 907 4165 propriam
933 4076 1098 4166 haino-iit.

143 4183 202 4233 oon
223 4163 295 4234 scio
317 4183 408 4250 enm,
431 4184 489 4233 ero
510 4163 629 4233 similis
649 4182 708 4230 uo·
759 4163 965 4234 Communio.
993 4168 1019 4232 1.
1043 4163 1119 4231 (Ion.
1148 4167 1195 4228 ii.
1235 4160 1303 4231 Hoc

142 4248 199 4336 bis,
213 4249 373 4322 mendox.
401 4250 469 4321 Sed
487 4252 556 4321 scio
571 4272 657 4332 eum,
675 4257 708 4318 et
735 4273 875 4341 corpus,
906 4251 996 4340 qnod
1026 4273 1088 4341 pro
1112 4251 1208 4320 vobis
1231 4256 1302 4318 tru-

141 4339 329 4408 sermonem
352 4338 424 4426 ejus
448 4359 557 4409 servo.
595 4339 707 4409 Abra·
734 4339 852 4410 detur:
883 4340 936 4408 hic
965 4339 1050 4409 calix
1080 4339 1156 4407 noui
1181 4337 1302 4406 Testa-

140 4424 213 4496 imnn
230 4433 461 4515 paternoster
477 4425 651 4513 multumt,
669 4431 708 4492 ut
733 4429 837 4497 menti
872 4434 925 4496 est
957 4428 990 4496 in
1023 4447 1098 4496 meo
1129 4425 1302 4510 ninguine,

139 4512 272 4585 videret
294 4512 384 4582 diem
403 4533 529 4583 meum:
555 4513 649 4599 vidit,
672 4515 708 4580 et
734 4515 817 4586 dicit
829 4514 1006 4586 Dominus:
1020 4515 1082 4583 hoo
1094 4512 1206 4598 souitu
1219 4533 1302 4600 qno-

179 4603 277 4672 visus
309 4607 373 4671 est.
422 4600 592 4672 Diximnt
626 4619 706 4689 ergo
733 4603 943 4689 tioscuniquc
967 4601 1110 4688 sumitis,
1137 4601 1171 4670 in
1195 4619 1303 4670 menni

159 4689 250 4760 udaei
272 4687 317 4758 ad
340 4708 432 4760 eum:
458 4687 704 4778 Quinquaginta
730 4690 1097 4766 commemorationem.
