3025 5400
692 1618 1119 1736 PIUS
1196 1620 2228 1739 EPISOOPUS

612 2326 704 2386 Uo
737 2329 981 2413 primum
1017 2336 1272 2414 tempore
1306 2330 1381 2390 ad
1417 2331 1789 2414 Apostolatus
1825 2330 2042 2414 apicem
2076 2329 2352 2413 assumpti
2403 2327 2628 2411 fuimus,

646 2396 721 2455 ad
757 2414 824 2455 ea
858 2397 1104 2457 libenter
1141 2417 1407 2471 animum,
1446 2416 1706 2473 viresque
1742 2409 1965 2460 nostras
2003 2398 2365 2470 intendimus,
2404 2405 2461 2456 et
2480 2416 2628 2470 cogi-

808 1819 1236 1921 SERVUS
1273 1821 1869 1921 SERVORUM
1913 1823 2103 1921 DEI

494 2029 654 2110 AD
712 2029 1435 2113 PERPETUAM
1491 2029 1690 2112 REI
1747 2029 2413 2114 MEMORIAM.

1244 2188 1662 2245 ⁴²31&szss

279 2256 605 2655 Θ
646 2468 892 2527 tationes
931 2484 1123 2527 omnae
1157 2469 1481 2542 direximus,
1521 2488 1646 2543 quae
1688 2470 1762 2528 ad
1799 2470 2260 2528 Ecclesiasticum
2294 2486 2499 2542 purum
2537 2486 2626 2525 re-

646 2538 939 2620 tinendum
977 2540 1189 2623 cultum
1227 2542 1597 2624 pertinerent,
1739 2558 1810 2598 ue
1847 2557 2066 2613 parare,
2106 2548 2179 2622 et,
2222 2538 2343 2597 Deo
2385 2540 2402 2595 i
2476 2557 2509 2597 ο
2528 2538 2625 2596 ad-

643 2615 898 2678 juvante,
935 2626 1086 2667 omni
1120 2609 1377 2668 adhibito
1412 2610 1601 2669 studio
1637 2626 1667 2667 e
1732 2625 1859 2668 cere
1898 2609 2302 2668 contendimus
2378 2609 2420 2665 (j
2462 2626 2627 2680 mque

279 2680 431 2737 inter
465 2678 579 2736 alia
612 2677 772 2736 Sacri
812 2677 1130 2738 Tridentini
1168 2679 1403 2739 Concilii
1441 2680 1698 2752 decreta,
1757 2680 1921 2739 nobis
1968 2679 2328 2739 statuendum
2376 2685 2522 2737 esset
2558 2678 2627 2737 de

278 2751 455 2806 sacris
495 2748 674 2818 libris,
713 2748 1080 2820 Catechismo,
1117 2749 1356 2821 Missali‚
1394 2758 1452 2809 et
1489 2751 1784 2809 Breviario
1829 2751 2076 2822 edendiS,
2126 2756 2294 2823 atque
2329 2749 2627 2806 emendan-

277 2819 399 2877 dis:
451 2817 602 2876 edito
634 2820 769 2891 jam,
812 2818 932 2876 Deo
968 2821 1090 2893 ipso
1129 2827 1439 2891 annuente,
1491 2820 1566 2880 ad
1641 2822 1795 2895 opuli
1844 2821 2217 2879 eruditionem
2255 2818 2625 2888 CatecbismO,

276 2897 331 2947 et
367 2888 442 2948 ad
484 2888 703 2946 debitas
737 2887 856 2946 Deo
895 2890 1294 2961 persolvendas
1338 2890 1532 2949 laudes
1617 2892 1862 2949 reviario
1907 2892 2207 2961 castigate,
2258 2890 2515 2954 omnino,
2563 2897 2627 2946 ut

276 2959 577 3016 Breviario
596 2958 827 3016 Missale
845 2975 936 3016 res
977 2960 1227 3031 onderet,
1263 2967 1327 3017 ut
1346 2977 1654 3033 congruum
1673 2968 1774 3031 est,
1810 2968 1868 3019 et
1901 2961 2240 3018 conveniens
2278 2958 2428 3028 (cum
2450 2975 2622 3015 unum

278 3031 335 3086 in
374 3028 631 3086 Ecclesia
666 3028 772 3085 Dei
812 2978 1090 3101 psalfendi
1126 3030 1381 3100 modum,
1428 3047 1600 3088 unum
1636 3031 1846 3088 Missae
1883 3030 2251 3088 celebrandae
2292 3030 2469 3086 ritum
2505 3044 2627 3087 esse

277 3100 523 3156 maxime
559 3097 796 3168 deceat),
834 3114 1061 3157 necesse
1089 3100 1207 3170 jam
1245 3099 1561 3171 videbatur,
1601 3108 1681 3171 ut,
1722 3099 1872 3172 quod
1906 3102 2186 3172 reliquum
2225 3101 2282 3157 in
2323 3098 2428 3156 hac
2503 3105 2625 3156 arte

278 3176 441 3232 esset,
478 3168 551 3225 de
586 3168 605 3225 i
675 3186 708 3226 o
749 3183 949 3252 nempe
985 3170 1206 3228 Missali
1241 3170 1474 3232 edendo,
1511 3187 1680 3243 quam
1752 3172 1958 3228 rimum
1995 3172 2384 3242 cogitaremus,
2441 3117 2627 3251 (guare

276 3238 515 3296 eruditis
544 3237 615 3294 de
638 3239 776 3296 ectis
795 3239 933 3297 viris
956 3255 1095 3297 onus
1114 3239 1221 3298 hoc
1240 3237 1688 3298 demandandum
1747 3242 1995 3299 uximus:
2072 3242 2130 3298 ui
2153 3237 2377 3312 quidem
2391 3238 2627 3310 diligen-

279 3318 367 3367 ter
403 3309 628 3366 collatis
665 3308 924 3367 omnibus
962 3325 1085 3367 cum
1139 3312 1376 3369 vetustis
1411 3318 1640 3369 nostrae
1675 3310 1980 3369 Vaticanae
2069 3309 2433 3379 ibliothecae,
2474 3309 2627 3366 aliis·

278 3395 386 3450 que
420 3378 671 3449 undique
705 3380 1051 3450 conquisitis,
1087 3379 1413 3450 emendatis,
1449 3388 1619 3452 atque
1656 3382 2001 3463 incorruptis
2046 3379 2357 3446 codicibus;
2406 3394 2624 3436 necnon

276 3457 533 3506 veterum
568 3449 840 3506 consultis
872 3465 939 3506 ao
973 3449 1344 3522 probatorum
1382 3458 1678 3508 auctorum
1716 3451 1960 3523 scriptis,
1997 3451 2093 3521 qui
2122 3449 2192 3507 de
2228 3465 2386 3508 sacro
2406 3465 2627 3506 eorum-

276 3518 403 3576 dem
440 3519 656 3575 rituum
687 3518 949 3577 instituto
982 3527 1345 3579 monumenta
1378 3520 1543 3578 nobis
1578 3520 1947 3592 reliquerunt,
1986 3520 2058 3577 ad
2079 3521 2374 3593 pristinam
2394 3519 2628 3576 Missale

276 3590 461 3661 ipsum
502 3594 823 3645 sanctorum
858 3587 1093 3646 Patrum
1143 3607 1424 3653 normam,
1468 3607 1536 3648 ac
1582 3592 1755 3647 ritum
1801 3592 2190 3647 restituerunt.
2264 3587 2425 3661 Quod
2471 3604 2627 3646 reco-

276 3660 495 3730 gnitum
530 3658 650 3728 jam
685 3665 743 3716 et
774 3659 1103 3730 castigatum
1126 3668 1344 3718 mature
1362 3657 1618 3718 adhibita
1636 3660 2102 3728 consideratione,
2142 3666 2207 3717 ut
2241 3675 2310 3716 ex
2335 3659 2442 3716 boc
2467 3659 2627 3716 insti·

278 3735 770 3811 tuta-coeptoque
798 3728 1019 3812 labore,
1058 3727 1274 3813 fructus
1313 3747 1506 3789 omnes
1543 3731 1877 3813 percipiant,
1925 3729 2138 3787 Romae
2177 3746 2344 3800 quam
2381 3729 2624 3810 primum

280 3798 2626 3951 ἰῗρὲμωςῑηῗιξὲἓθρέἳὲἒῗιξὲ,63ῗωῖἷῖῗὲζῖωὲἓῶἙξὲρῶᾏῃῖἓὲθῖἓῖἷῖῗεὲῗὲἐ,

280 3953 339 3993 ce
362 3936 659 3995 ebratione
693 3943 942 3994 retinere
1018 3939 1213 3996 osthac
1248 3938 1507 3997 debeant.
1629 3947 1653 3997 t
1687 3946 1874 3997 autem
1911 3957 1945 3995 a
1983 3945 2338 3996 sacrosancta
2371 3937 2629 3994 Romana

282 4006 554 4077 Ecclesia,
591 4015 943 4066 caeterarum
1025 4009 1355 4067 eclesiarum
1392 4017 1573 4068 matre
1606 4017 1664 4067 et
1701 4010 1986 4080 magistra,
2022 4008 2232 4067 tradita
2270 4006 2475 4077 ubique
2511 4024 2627 4063 ain·

280 4077 602 4149 plectantur
638 4093 848 4147 omnes,
887 4085 945 4136 et
981 4078 1298 4144 observent,
1341 4096 1412 4136 ne
1449 4081 1506 4136 in
1544 4086 1829 4151 posterum
1867 4080 2155 4151 perpetuis
2191 4076 2395 4133 futuris
2415 4083 2527 4133 tem
2572 4094 2630 4134 o·

282 4146 440 4204 ribus
478 4149 537 4205 in
579 4146 838 4205 omnibus
876 4146 1185 4207 Christiani
1231 4149 1386 4206 orbis
1426 4149 1854 4207 Provinciarum
1890 4146 2388 4214 Patriai·chalibuS,
2429 4145 2530 4203 Cat
2557 4163 2631 4202 ie-

278 4214 550 4282 dralibus,
588 4215 931 4288 Collegiatis,
981 4226 1038 4276 et
1073 4218 1519 4289 Parochialibus,
1565 4218 1961 4284 saecularibus,
2010 4226 2068 4275 et
2103 4217 2430 4288 quorumvis
2467 4215 2632 4273 Ordi-

280 4303 437 4348 num.
478 4289 977 4357 monasteriorum,
1026 4295 1143 4347 tam
1180 4291 1465 4354 virorum,
1553 4305 1679 4345 uam
1719 4290 2041 4348 mulierum.
2093 4288 2261 4344 etiam
2300 4287 2630 4343 militiarum

278 4351 649 4428 regularibus,
686 4373 753 4413 ac
787 4359 908 4414 sine
945 4375 1081 4415 cura
1117 4358 1418 4425 Ecclesiis,
1455 4376 1524 4415 ve
1587 4359 1899 4431 CappelliS,
1935 4359 1991 4414 in
2032 4356 2234 4427 quibus
2269 4356 2447 4413 Missa
2487 4355 2632 4411 Con·

280 4427 561 4485 ventualis
593 4427 712 4483 alta
748 4443 885 4485 voce
921 4443 1045 4486 cum
1067 4428 1271 4499 Chor0,
1307 4437 1407 4488 aut
1428 4428 1688 4498 demissa,
1727 4427 1998 4485 celebrari
2024 4428 2178 4484 ‘uxta
2205 4426 2493 4483 Romanae
2524 4425 2634 4480 Ec-

279 4498 479 4555 clesiae.
517 4498 692 4554 ritum
730 4500 1037 4564 consuevit,
1075 4499 1162 4555 vel
1200 4498 1383 4559 debet..
1423 4499 1565 4556 alias
1601 4516 1768 4570 quam
1801 4498 2024 4567 Juxtall·
2049 4494 2472 4576 issalisanobis
2492 4494 2633 4551 editi

278 4567 578 4625 formulam
612 4565 960 4636 decantetur,
995 4576 1095 4626 aut
1114 4570 1399 4633 recitetur,
1438 4570 1658 4626 etiamsi
1691 4585 1791 4624 cae
1831 4585 1915 4623 em
1939 4567 2232 4623 Ecclesiae
2250 4582 2448 4636 quovis
2468 4563 2633 4621 modo

277 4646 588 4710 exemptae,
624 4636 988 4708 Apostolieae
1009 4638 1169 4696 Sedis
1206 4638 1428 4697 indulto
1485 4637 1906 4701 consuetudine,
1944 4636 2257 4709 privilegio.
2296 4635 2635 4704 ctiamjura-

276 4714 482 4776 mento,
520 4704 951 4764 confirmatione
974 4708 1322 4780 Apostolica,
1359 4684 1448 4765 vel
1483 4708 1614 4766 aliis
1650 4707 1944 4779 quibusvis
1982 4701 2347 4764 facultatibus
2384 4705 2636 4761 munitae

276 4778 416 4844 sint:
468 4778 580 4835 nisi
616 4774 689 4833 ab
738 4776 863 4850 ipsa
898 4777 1083 4850 prima
1117 4779 1475 4837 institutione
1518 4794 1554 4834 a
1602 4776 1747 4834 Sede
1784 4777 1835 4833 A
1880 4777 2118 4834 ostolica
2151 4772 2497 4847 approbata,
2545 4774 2635 4829 vel

276 4845 710 4916 consuetudine,
768 4862 911 4929 quae
920 4892 944 4929 ,α
984 4847 1074 4904 vel
1120 4848 1247 4975 ὶὲεα
1284 4848 1568 4906 institutio
1606 4863 1776 4920 super
1852 4851 2083 4904 ucentos
2118 4860 2297 4902 annos
2331 4842 2394 4899 M
2399 4844 2637 4900 issarum

277 4915 744 4975 celebrandarum
791 4932 853 4973 in
896 4916 1106 4974 eisdem

1197 4917 1419 4976 eclesiis
1464 4916 1689 4975 assidue
1726 4915 2028 4974 observata
2074 4916 2175 4973 sit:
2219 4929 2256 4970 a
2300 4911 2531 4983 quibus,
2576 4918 2639 4969 ut

1424 5076 1455 5123 8
2228 5024 2294 5083 a*
