3025 5400
610 690 789 755 Feria
832 692 941 757 IV.
989 689 1267 765 Quatuor
1307 692 1515 777 Temp.
1563 692 1956 777 Septembris,
2316 698 2446 771 343

308 834 401 907 ib.
478 835 960 909 Testimenium
1004 837 1077 909 in
1118 837 1169 910 J
1169 859 1247 910 o·
1301 844 1408 930 ut,
1466 838 1630 910 dum
1683 860 1726 910 a
1773 838 1943 911 cibis
1981 837 2447 928 corporalibus

322 922 553 1013 posuit
594 922 782 1011 illud,
828 945 982 995 cum
1027 926 1251 1009 exiret
1303 948 1379 998 se
1445 927 1780 1015 abstinet,
1844 947 1887 997 a
1931 925 2118 997 vitiis
2178 946 2445 1015 quoque

289 1030 462 1082 :erra
523 1010 853 1101 AEgypti:
927 1011 1022 1083 lin
1117 1034 1248 1102 am,
1300 1021 1530 1086 mente
1552 1015 1841 1105 jejunet.
1896 1013 2033 1085 Per
2056 1012 2443 1084 Deminum.

289 1098 309 1169 ἰ
346 1118 484 1200 non
523 1099 828 1200 neverat,
877 1120 965 1170 au
1039 1101 1158 1172 vit.
1350 1108 1663 1181 Secunda
1719 1108 1981 1182 Oratio.
2052 1110 2118 1181 A
2186 1119 2444 1190 cunctis

289 1185 493 1256 ¹dena·
522 1185 734 1257 Patrl.
1301 1226 1444 1276 nos,
1492 1197 1606 1269 fol.
1655 1208 1803 1276 315.

290 1276 320 1343 t
377 1271 593 1363 Kyrie
637 1274 921 1362 eleison,
1000 1276 1253 1350 dicitur
1349 1285 1586 1357 Tertia
1621 1284 1711 1357 ad
1753 1286 2042 1359 libitum.

289 1382 419 1432 ms,
463 1360 848 1433 Flectamus
877 1362 1115 1452 genua.
1168 1367 1249 1453 R.

289 1454 390 1519 te,
1480 1407 1717 1485 Lectio
1777 1413 1936 1486 libri
1991 1413 2256 1485 Esdrae.

551 1500 810 1574 Oratio.
1535 1511 1706 1584 Neh.
1732 1512 1845 1585 vel
1868 1516 1927 1585 2.
1955 1512 2124 1586 Esd.
2149 1518 2212 1587 8.

289 1603 696 1676 ‚sencerdlae
739 1610 878 1677 ¹⁵1¹ae
906 1606 1246 1708 Ῑζθῐῐὶέᾶὶῑδ,
1382 1621 1448 1692 Ν
1486 1621 1727 1695 diebus
1756 1621 1920 1692 illis:
1970 1620 2443 1710 Congregetus

316 1713 705 1782 quaesumus
747 1693 1053 1783 D6m111e‚
1106 1695 1246 1765 fra·
1429 1716 1537 1780 est
1600 1710 1815 1780 omnis
1883 1708 2174 1799 pepulus
2247 1709 2441 1796 quasi

289 1802 337 1850 is
403 1788 669 1882 nostra·
706 1781 1038 1882 subsistat
1062 1805 1104 1885 ε.
1147 1788 1245 1871 ut,
1301 1798 1407 1868 vir
1449 1818 1621 1868 unus
1663 1797 1751 1868 ad
1788 1797 2105 1887 plateam,
2152 1816 2302 1886 quae
2336 1802 2442 1865 est

302 1889 430 1939 sua
474 1868 862 1970 condltlene
902 1872 1245 1959 atterltur,
1300 1892 1459 1956 ante
1504 1891 1773 1974 portam
1819 1887 2176 1975 aquarum:
2224 1888 2296 1952 et
2335 1882 2439 1952 di-

289 1957 633 2058 31ement1a
675 1958 1054 2045 reparetur.
1112 1957 1247 2028 Per
1298 1976 1551 2044 xssrunt
1592 1973 1838 2043 Esdrae
1888 1974 2159 2059 scribae,
2218 1975 2298 2040 ut
2340 1968 2441 2041 af-

289 2065 493 2115 mum.
1301 2060 1519 2131 ferret
1598 2061 1848 2133 librum
1937 2061 2107 2151 legis
2188 2057 2440 2148 M6ySi‚

289 2151 452 2221 ectio
497 2149 708 2220 Amos
753 2149 1138 2240 Prophetae.
1349 2169 1503 2219 uam
1591 2150 1814 2238 praece
1866 2156 2017 2218 erat
2111 2145 2442 2217 Dominus

546 2248 690 2317 cap.
750 2233 812 2300 9.
1339 2235 1563 2306 sraeli.
1655 2237 1828 2306 Attu
1860 2236 1911 2305 ‘t
1970 2256 2133 2326 ergo
2179 2232 2441 2305 Esdras

289 2323 382 2395 Ec
439 2322 604 2396 dicit
647 2324 979 2395 Dominus
1018 2325 1242 2397 Deus:
1301 2322 1632 2394 Sacerdos
1676 2323 1896 2414 legem
1943 2343 2171 2394 coram
2205 2321 2440 2393 multi-

300 2411 485 2483 Ecce
562 2411 706 2482 dies
778 2413 1093 2483 veniunt:
1176 2419 1248 2483 et
1299 2411 1537 2483 tudine
1582 2412 1886 2481 virerum
1942 2417 2014 2481 et
2053 2408 2434 2499 mulierum,

289 2498 637 2570 ›rehendet
696 2500 930 2570 arator
988 2501 1244 2570 messe·
1299 2501 1695 2589 cunctisque
1781 2500 1851 2568 ui
1881 2499 2203 2588 peterant
2237 2496 2437 2569 intel·
2528 2511 2535 2521 '

314 2593 388 2657 et
432 2588 727 2658 calcator
769 2607 920 2657 uvae
965 2589 1245 2658 mitten-
1298 2587 1542 2676 ligere,
1615 2589 1684 2656 in
1786 2587 1849 2656 ie
1910 2587 2131 2674 prima
2187 2586 2438 2655 mensis

289 2695 535 2747 semen:
573 2681 644 2746 et
670 2675 1028 2747 stillabunt
1055 2697 1244 2747 mon·
1299 2676 1589 2764 septimi.
1640 2674 1736 2746 Et
1764 2674 1934 2764 legit
1972 2675 2043 2744 in
2078 2694 2157 2744 eo
2202 2674 2438 2763 aperte

289 2763 694 2852 ulcedinem,
737 2770 807 2834 et
843 2785 1074 2834 omnes
1106 2764 1245 2835 col·
1297 2764 1366 2833 in
1398 2765 1643 2852 platea,
1694 2783 1845 2852 quae
1892 2767 2043 2833 erat
2089 2767 2247 2832 ante
2278 2783 2437 2851 por-

289 2852 412 2922 ulti
443 2856 660 2921 erunt.
727 2850 825 2922 Et
857 2854 1243 2922 convertam
1296 2857 1438 2921 tam
1484 2872 1526 2921 a
1573 2853 1846 2951 uerum}
1880 2850 1965 2920 de
1997 2870 2192 2920 mane
2221 2870 2437 2938 usque

293 2939 576 3010 vitatem
642 2940 876 3029 pepuli
940 2941 1073 3010 mei
1142 2940 1243 3010 Is-
1298 2939 1385 3010 ad
1430 2940 1539 3009 me
1596 2940 1732 3009 'am'
1770 2938 1983 3028 dmm,
2043 2937 2113 3007 in
2154 2938 2437 3027 conspe-

342 3032 414 3097 et
457 3026 888 3098 aedificabunt
932 3028 1242 3099 civitates
1298 3033 1413 3098 ctu
1458 3027 1780 3117 virerum,
1827 3033 1898 3096 et
1940 3025 2319 3113 mulierum,
2366 3030 2439 3096 et

289 3119 439 3202 rtaS‚
487 3121 557 3184 et
599 3115 1109 3187 inhabitabunt:
1174 3121 1245 3185 et
1298 3115 1737 3204 sapientium:
1816 3119 1887 3185 et
1956 3133 2155 3184 aures
2222 3112 2437 3183 omnis

289 3203 513 3273 ebunt
550 3204 820 3290 vineaS,
881 3208 951 3273 et
1005 3204 1244 3275 bibent
1346 3202 1531 3291 epuli
1559 3208 1753 3273 erant
1778 3204 2021 3273 erectae
2051 3199 2139 3270 ad
2166 3199 2434 3272 librum.

289 3312 334 3360 11
376 3291 642 3359 earum:
692 3296 762 3361 et
794 3290 1047 3362 facient
1083 3292 1244 3361 hor·
1324 3291 1502 3361 'tetit
1578 3295 1804 3361 autem
1877 3288 2138 3359 Esdras
2216 3288 2438 3359 scriba

305 3385 376 3448 et
422 3376 778 3449 cemedent
821 3377 1081 3449 fructus
1127 3379 1242 3448 ee·
1299 3399 1504 3467 super
1541 3379 1829 3468 gradum
1866 3377 2187 3467 ligneum,
2236 3396 2437 3465 quem

366 3464 462 3536 Et
506 3466 827 3555 plantabo
870 3488 986 3537 eos
1038 3487 1243 3556 super
1295 3465 1554 3537 fecerat
1628 3466 1717 3536 ad
1807 3462 2235 3555 loquendum.
2342 3463 2440 3534 Et

288 3575 380 3622 un
454 3575 671 3623 suam:
744 3562 813 3625 et
870 3576 1004 3625 non
1061 3555 1240 3625 evel-
1296 3553 1568 3642 aperuit
1637 3554 1882 3625 librum
1962 3572 2188 3624 coram
2256 3552 2436 3621 omni

299 3662 414 3711 eos
474 3641 654 3712 ultra
715 3641 800 3712 de
856 3649 1043 3713 terra
1100 3663 1240 3729 sua,
1294 3640 1575 3731 pepulo:
1604 3662 1813 3731 super
1829 3641 2217 3711 universum
2238 3640 2435 3729 quip-

289 3752 302 3798 ι
337 3728 496 3798 dedi
534 3731 666 3801 eis:
716 3730 881 3800 dicit
909 3730 1240 3800 Deminus
1294 3750 1380 3819 pe
1410 3730 1499 3819 pe
1551 3730 1737 3800 ulum
1769 3729 2137 3800 eminebat:
2182 3733 2254 3798 et
2282 3748 2434 3799 cum

290 3869 292 3874 ‡
338 3824 515 3887 tuus,
1295 3839 1506 3906 aperu
1538 3823 1679 3888 sset
1724 3836 1906 3904 eum,
1967 3816 2161 3886 stetit
2218 3815 2435 3885 omnis

289 3899 508 4006 fluale.
542 3899 655 3971 Ps.
687 3905 830 3972 112.
875 3901 1039 3990 Quis
1065 3906 1241 4006 sicut
1294 3905 1605 4063 Regium&
1670 3904 1765 3975 Et.
1798 3904 2151 3976 benedixit
2173 3901 2435 3973 Esdras

289 4012 432 4061 mus
477 3991 665 4061 Deus
710 3998 961 4080 noster,
1010 3994 1125 4093 qui
1170 4015 1241 4063 m
1404 3994 1585 4063 mino
1641 3992 1790 4063 Deo
1850 4012 2123 4083 magno:
2197 3998 2269 4061 et
2320 4011 2434 4059 re-

302 4079 603 4150 habitat:
674 4083 744 4149 et
801 4080 1085 4150 humiha
1128 4082 1238 4151 re·
1295 4080 1569 4170 spendit
1590 4082 1807 4152 omnis
1830 4080 2149 4169 pepulus:
2191 4080 2432 4166 Amen,

289 4188 305 4237 z
341 4168 411 4236 in
456 4166 625 4237 coelo
672 4172 743 4238 et
786 4167 852 4236 in
900 4168 1129 4238 terra?
1294 4169 1551 4238 Amen:
1612 4169 1885 4240 elevans
1938 4189 2176 4238 manus
2236 4186 2430 4236 suas:

289 4255 577 4325 ascitans
622 4274 663 4324 a
706 4261 893 4324 terra
947 4257 1237 4345 inopem,
1294 4263 1367 4327 et
1400 4258 1736 4327 incurvati
1775 4261 1950 4342 sunt,
1989 4262 2061 4325 et
2103 4254 2433 4325 adorave-

289 4362 322 4411 e
382 4344 682 4414 stercore
742 4342 1009 4431 erigens
1069 4345 1239 4434 pau·
1292 4349 1454 4414 runt
1500 4344 1722 4414 Deum
1781 4343 1978 4433 proni
2031 4343 2102 4412 in
2154 4347 2432 4412 terram.

289 4451 399 4524 11..
450 4512 461 4522 ,
1292 4431 1510 4503 Porro
1542 4431 1804 4503 Levitae
1851 4432 2194 4502 silentium
2226 4429 2432 4501 facie·-

337 4511 582 4611 cl1cltu1·
626 4512 954 4587 Deminus
1006 4519 1236 4590 vobis·
1292 4521 1459 4591 bant
1503 4520 1571 4590 in
1610 4520 1861 4609 pepulo
1910 4519 1997 4589 ad
2028 4517 2433 4589 audiendam

320 4619 462 4670 smc
495 4602 898 4692 ‘Flectemus
938 4606 1178 4695 genua.
1290 4608 1546 4696 legem:
1595 4608 1886 4697 pepulus
1932 4613 2162 4677 autem
2207 4607 2434 4678 stabat

289 4692 528 4763 emus·
887 4687 1147 4761 Oratio.
1291 4695 1357 4764 in
1405 4694 1622 4785 gradu
1671 4717 1812 4765 suo.
1873 4695 1969 4765 Et
2011 4695 2076 4764 le
2128 4695 2326 4763 erunt
2362 4693 2432 4762 in

289 4788 466 4868 aesta,
500 4799 898 4870 ,quaesumus
925 4780 1233 4869 Demine‚
1289 4783 1463 4852 libro
1514 4782 1687 4872 legis
1747 4782 1879 4852 Dei
1935 4781 2075 4852 dist
2101 4786 2289 4868 ncte,
2361 4786 2434 4850 et

289 4866 542 4939 .'amssiae
594 4872 733 4939 tuae
786 4869 1231 4957 supplicanti:
1286 4872 1522 4961 aperte
1583 4870 1672 4944 ad
1736 4868 2263 4964 intelligentium
2272 4890 2298 4939 ·.
2362 4873 2446 4939 et
