3025 5400
218 861 265 920 Ad
282 860 438 932 augendum
455 860 599 920 Fidelium
615 863 827 921 venerationem
845 877 913 935 erga
930 862 1168 935 Angustissimum
1186 861 1325 921 Euchari-

147 933 221 990 stiae
231 932 453 1002 Sacramentum,
471 933 587 1004 ejusqnc
604 933 709 991 cultum
728 933 758 990 in
776 939 838 992 toto
847 933 999 991 Terrarum
1009 931 1084 992 Orbe
1094 933 1324 1005 promovendum,

147 1001 324 1074 prohibitum
342 1007 385 1059 est
402 1001 546 1059 celebrare
563 1002 667 1061 Missae
683 1002 816 1073 votivas,
839 1003 885 1060 vel
908 1019 960 1075 pro
979 1001 1126 1061 Defunctis
1148 1001 1224 1060 infra
1240 1003 1324 1061 Octa-

147 1089 213 1129 vam
231 1072 271 1130 Co
326 1072 366 1129 ris
385 1070 500 1130 Christi.
526 1071 581 1130 Die
598 1075 640 1130 21.
658 1071 738 1131 Junii
759 1075 835 1145 1670,
854 1072 1069 1145 eodemquedie
1087 1088 1106 1129 a
1122 1071 1169 1130 lel.
1186 1088 1243 1130 rec.
1261 1072 1324 1131 Cle-

148 1150 242 1200 mente
330 1140 527 1215 approbatum.

218 1230 290 1287 Item
308 1227 481 1311 prohibitum
501 1236 552 1300 est,
570 1228 681 1287 eusdem
690 1230 794 1288 Missas
815 1227 954 1287 celebrari
973 1228 1049 1286 inira
1059 1229 1195 1287 Octavam
1212 1228 1324 1287 Nativi-

148 1300 216 1357 tatia
240 1299 363 1357 Domini.
400 1299 433 1355 In
461 1299 558 1357 Missis
584 1315 652 1357 vero
676 1298 848 1358 solemnibus
872 1317 923 1372 pro
948 1316 981 1357 rc
1050 1299 1079 1356 vi
1097 1296 1173 1356 infra
1198 1297 1324 1356 camdem

148 1368 285 1428 Octavam
308 1367 497 1437 celebrandis,
521 1369 640 1426 dicenda
663 1375 707 1427 est
724 1368 867 1428 Praelatio
882 1371 966 1442 juxta
1010 1368 1137 1427 ubricam
1156 1367 1324 1426 Generalem

148 1441 192 1497 tit.
211 1442 252 1497 12.
270 1456 345 1496 uum
363 1440 389 1496 t
416 1438 469 1496 Iiie
486 1441 529 1496 25.
547 1438 703 1513 septembr.
721 1441 797 1509 1706,
811 1441 872 1511 jam
888 1456 906 1496 a
925 1438 1108 1498 Sanctissimo
1127 1435 1324 1511 approbatmn.

215 1524 259 1583 Re
278 1543 346 1609 vero
365 1527 394 1609 iii
413 1525 550 1610 3⁸⁰:le
563 1525 622 1585 Gon
709 1528 788 1611 tione
807 1526 844 1584 ad
861 1527 1029 1610 relationem
1043 1526 1278 1597 Eminentissimi‚
1295 1533 1325 1584 et

147 1594 388 1702 Reverenriissrmi
405 1596 520 1678 Domini
536 1595 619 1654 Card.
654 1613 687 1680 ar
707 1613 789 1668 emm,
808 1597 914 1680 pluries
933 1596 1066 1668 menaea,
1084 1603 1113 1654 et
1131 1603 1324 1722 maturebper:

147 1679 219 1816 im
239 1808 245 1819 ,
263 1665 441 1808 italie
451 1666 1115 1820 lbtlttittttt‘ttttlttitr,tii
1132 1665 1323 1807 libitia

147 1804 218 1863 locis
238 1811 426 1889 irrepserunt,
440 1815 553 1888 penitus
573 1806 738 1889 evellantur,
748 1825 786 1890 'in
805 1808 915 1890 Missali
933 1813 998 1881 post
1015 1806 1155 1888 [iubricae
1169 1806 1324 1888 Generales

147 1891 268 2003 effigi,
280 1883 713 2018 figessprfflsstgffisssgsoffln
732 1895 756 1934 sr
777 1876 958 1935 Sanctissrmo
976 1876 1098 1934 Domino
1107 1876 1214 1934 Nostro
1232 1892 1324 1934 visum

218 2032 363 2105 Factaque
381 2032 482 2090 deinde
499 2049 551 2106 per
570 2049 616 2091 me
634 2031 895 2091 Pro-Secretarinm
914 2033 949 2090 de
985 2032 1119 2091 raedictis
1137 2031 1322 2090 Sanctissimo

149 2101 271 2186 Domino
290 2103 395 2162 Nostro
413 2104 560 2174 relatione,
577 2103 798 2186 'SanctitasSua
822 2120 962 2186 sensum...
1007 2149 1022 2186 ·.
1037 2102 1209 2231 commeant..
1220 2118 1324 2184 appro

149 2171 241 2244 bavit,
266 2173 418 2247 eademqne
437 2174 558 2232 Decreta
575 2191 604 2231 m
623 2173 733 2231 blissalr
750 2191 871 2246 apponi,
893 2181 922 2232 et
939 2190 1064 2247 imprimi
1081 2189 1146 2230 man
1183 2179 1234 2231 vit.
1268 2171 1323 2230 Dre

151 2246 192 2302 29.
211 2242 388 2318 Septembris
405 2242 530 2316 ejusdem
548 2244 624 2301 Anni
641 2247 716 2301 1714.

358 2371 387 2435 l.
406 2371 492 2436 tart.
518 2371 555 2436 oc
574 2370 680 2435 ,ibelim
703 2372 802 2431 Praei.

219 2470 330 2535 Low
354 2472 456 2545 Μὴ
753 2543 783 2601 Ι.
801 2542 836 2600 Ι.
854 2542 983 2601 latoiubl

452 2613 610 2687 Episcopus
628 2613 820 2687 liparitanus,
836 2611 897 2669 Sao.
915 2612 973 2670 Rit.
993 2611 1095 2684 Congu.
1114 2610 1289 2670 Pro-Secret.

464 2948 665 3073 URBlS,
694 2948 774 3049 ΕΤ
804 2945 1004 3050 ORBIS.

264 3135 452 3195 tuosissimus
470 3138 607 3196 Dominus
626 3140 731 3198 Noster
747 3137 836 3197 PIUS
854 3138 955 3195 ΡΑΡΑ
974 3139 1025 3196 ΙΧ.
1049 3154 1084 3195 ex
1107 3138 1258 3195 Sacrorum
1274 3137 1325 3195 Ri-

282 3213 362 3263 tnum
372 3207 606 3280 congregationis
624 3210 741 3267 consilio
760 3210 920 3267 summatim
938 3210 1043 3336 apgoni
1061 3216 1089 3265 et
1107 3209 1232 3280 imprimi
1246 3224 1325 3265 man·

282 3276 360 3359 davit
378 3279 407 3334 in
427 3280 566 3352 principio
584 3280 708 3337 Missalis
727 3279 783 3336 dno
801 3279 837 3336 ab
856 3278 952 3336 eadem
992 3278 1236 3350 ‚Congregatione
1253 3278 1325 3337 alias

281 3346 359 3404 edita
377 3346 498 3420 decreta,
517 3349 659 3407 videlicet:

222 3450 341 3522 Quando
364 3453 487 3510 occurrit
496 3452 643 3511 Dedicatio
654 3453 840 3511 Basilicarum
851 3453 1024 3510 Sanctissimi
1040 3452 1195 3511 Salvatoris
1213 3460 1242 3510 et
1256 3452 1325 3509 Sau-

153 3520 341 3578 ctissimorum
359 3522 561 3594 Apostolorum
574 3524 652 3581 Petri
673 3530 700 3581 et
710 3523 792 3580 Pauli
812 3522 886 3580 infra
905 3523 1235 3580 ‹ictavanrDedicationis
1255 3523 1325 3580 alia·

153 3607 214 3647 rom
233 3591 413 3648 ecclesiarum
441 3600 568 3650 sumatur
587 3611 637 3666 pro
656 3595 919 3651 commemoratione
934 3593 990 3649 alia
1007 3593 1106 3651 Oratio
1121 3593 1156 3649 de
1165 3591 1325 3650 Communi:

154 3659 223 3718 iiii
243 3662 290 3733 qui
309 3638 505 3721 introilum.
541 3664 594 3720 oie
612 3666 654 3721 m.
673 3662 846 3736 septembris
867 3666 941 3720 rim.
959 3663 996 3720 au
1014 3663 1064 3720 xi.

221 3764 373 3824 Orationes
382 3783 443 3893 belm
461 3766 653 3825 Rornanorum
671 3768 847 3840 Imperatore
866 3775 923 3825 tam
942 3769 969 3825 in
988 3769 1076 3825 Missa
1094 3766 1326 3824 Praesanctitica·

153 3843 245 3891 torum
260 3836 362 3892 Feriae
448 3837 477 3893 in
496 3837 650 3895 Parasceve
668 3856 751 3909 quarn
771 3840 799 3894 in
819 3837 876 3894 line
887 3839 1036 3896 Praeconii
1048 3836 1326 3896 PaschalisSabbato

153 3904 264 3976 Sancti,
284 3905 320 3963 ob
339 3906 480 3966 sublatum
498 3908 688 3966 Romanorum
708 3909 856 3979 imperium
874 3927 930 3965 non
950 3909 1070 3981 oriiplius
1084 3910 1247 3965 recitentur.
1270 3906 1325 3963 Re

154 3976 298 4033 timeantur
322 3983 413 4033 tameo
435 3985 467 4035 iit
485 3985 569 4035 antea
587 3980 615 4034 in
634 3979 716 4036 novis
733 3978 906 4037 Missalibns.
941 3980 994 4036 Ille
1012 3982 1054 4036 25.
1074 3979 1230 4050 Septembr.
1250 3979 1325 4035 1860.

153 4043 188 4100 ad
206 4045 259 4102 ΙΙΙ.
288 4046 342 4102 Die
363 4052 401 4104 14.
420 4048 519 4105 Martii
541 4052 615 4107 1861.

546 4430 940 4539 areperti
