3025 5400
178 513 240 581 148
477 502 568 563 Feriu
593 504 642 565 lll.
667 506 791 583 rnnjoris
817 506 1029 571 Hebdomada.

175 828 223 898 Et
246 828 387 897 assirnrit
409 826 560 914 Petrum,
584 835 620 897 et
642 795 743 898 Jacd-
772 794 857 897 runt·
885 826 918 895 in
951 848 1050 915 eum,
1090 832 1127 897 et
1158 760 1341 897 tenudmnt

175 915 271 1017 bun,
304 922 337 984 et
358 913 525 1022 2loannem
549 935 678 1023 seeunr:
710 920 745 983 et
772 936 858 1017 eum.
893 913 1121 1016 Unusnautem
1141 913 1280 1073 puidam
1300 912 1339 985 de

176 1011 277 1090 coepit
297 1023 433 1090 pavere,
457 1009 492 1071 et
514 1002 652 1073 taedere.
697 1001 745 1073 Et
772 1003 1067 1073 orrcunrstdntrbus
1097 1001 1139 1072 ed
1166 1022 1247 1073 cens
1269 1000 1338 1089 gld-

176 1091 224 1159 ait
247 1090 327 1160 illis:
358 1092 377 1166 i
412 1091 534 1160 Tristis
557 1098 610 1160 est
633 1091 745 1161 anima
772 1090 874 1172 dium,
898 1091 1067 1178 pereirssit
1090 1111 1227 1160 seruum
1250 1110 1339 1160 sum·

175 1200 249 1247 rneu
273 1177 446 1279 usquead
475 1184 641 1247 mortem:
670 1199 744 1248 sus·
772 1182 817 1248 nri
848 1177 1051 1266 sacerdotis;
1087 1183 1124 1249 et
1151 1176 1340 1266 amputauit

175 1266 281 1335 tinete
306 1266 371 1347 lue,
396 1273 431 1335 et
453 1266 602 1354 vigilite.
642 1266 668 1331 ll
697 1265 745 1335 Et
772 1266 820 1335 illi
836 1266 1030 1336 auriculam.
1062 1265 1109 1335 ut
1131 1265 1338 1354 respondens

176 1375 252 1423 curn
297 1355 521 1453 processisset
560 1353 743 1441 paullulum,
771 1353 889 1439 deses,
920 1355 968 1422 ait
995 1353 1077 1422 illis:
1110 1350 1128 1427 i
1154 1353 1338 1441 Tamquam

175 1440 322 1599 prdeidrt
337 1462 440 1597 super
455 1448 599 1511 terram:
617 1447 652 1509 et
667 1442 743 1511 ori·
771 1441 814 1512 ad
837 1441 1002 1511 latronem
1026 1441 1145 1511 existis
1168 1462 1246 1511 cum
1260 1439 1338 1597 plit-

199 1539 244 1615 at,
268 1535 305 1597 ut
328 1530 356 1597 si
392 1529 455 1598 ieri
471 1535 596 1618 posset,
620 1530 743 1598 transi·
772 1529 846 1611 diis,
870 1535 905 1599 et
927 1528 1026 1615 lignis
1049 1528 1257 1616 comprehen
1283 1548 1339 1599 ere

175 1623 228 1686 ret
251 1617 293 1686 ab
317 1637 356 1685 eo
387 1617 487 1686 hora:
523 1623 558 1686 et
586 1614 688 1686 dixit:
719 1617 738 1693 i
770 1616 846 1686 nro?
876 1612 1026 1704 quotidie
1050 1636 1141 1685 eranr
1163 1614 1256 1704 apud
1278 1636 1338 1685 vos

176 1704 285 1786 Abba,
308 1703 421 1789 Pater,
445 1703 557 1773 ornnia
578 1704 641 1773 tibi
665 1723 743 1792 pos·
770 1704 804 1774 in
827 1703 954 1805 ternplo
977 1703 1110 1796 doeens,
1139 1708 1174 1772 et
1197 1724 1339 1773 nonme

176 1791 403 1873 sibiliosum,
433 1791 582 1861 transfer
604 1792 741 1861 edlioern
771 1794 937 1862 tenuistis.
983 1790 1049 1861 Sed
1072 1797 1110 1861 ut
1133 1791 1179 1860 inr
1206 1790 1339 1861 ledntur

175 1880 264 1949 herne
297 1901 318 1948 a
346 1900 417 1948 nre:
457 1878 518 1949 sed
550 1900 617 1948 non
654 1877 743 1985 quod
771 1878 966 1967 Scriptura.
1009 1879 1035 1948 U
1064 1878 1160 1949 Tunc
1181 1812 1339 1967 giscipuli

176 1987 238 2057 ego
261 1966 348 2053 volo,
372 1965 432 2036 sed
455 1965 545 2066 quod
570 1973 617 2035 tu.
642 1960 668 2028 (ι
696 1965 744 2035 Et
772 1967 846 2055 ejus
868 1966 1099 2055 relinquintes
1114 1986 1202 2054 eum,
1227 1984 1340 2037 omnes

175 2055 279 2142 venit,
303 2059 338 2122 et
357 2055 485 2123 inuenit
500 2074 558 2124 eos
575 2053 743 2124 dornrien·
771 2054 941 2155 ingerunt.
986 2053 1198 2125 Adolescens
1227 2061 1340 2124 autern

175 2148 237 2211 tes.
284 2141 332 2210 Et
351 2143 401 2210 ait
423 2141 542 2210 Petro:
573 2140 592 2215 l
620 2140 742 2226 Simon,
772 2140 907 2232 quidam
931 2141 1139 2230 sequebitur
1158 2161 1238 2212 eum
1258 2142 1341 2211 anri·

176 2229 327 2298 dornris‘?
346 2251 411 2298 non
428 2229 569 2316 potuisti
582 2228 743 2298 nnalrora
771 2236 844 2301 etus
874 2228 1013 2299 sindone
1040 2249 1142 2319 super
1161 2228 1273 2299 nudo:
1308 2234 1342 2299 et

177 2316 344 2403 uigilare?
387 2314 556 2405 vigilite,
581 2323 615 2386 et
637 2317 743 2402 ord-te,
771 2319 956 2387 tenuerunt
978 2337 1064 2386 eunr.
1102 2317 1151 2386 At
1172 2316 1231 2387 ille
1254 2316 1340 2407 reje-

175 2410 213 2473 ut
246 2425 313 2493 non
346 2404 480 2473 intretis
514 2404 547 2473 in
582 2403 743 2473 tentatid·
772 2412 824 2474 eta
853 2404 1012 2492 sindone,
1043 2403 1154 2474 nudus
1188 2402 1341 2494 prodigit

175 2513 262 2562 nero.
302 2490 448 2579 Spiritus
470 2491 605 2580 quidone
629 2511 744 2579 prorn-
771 2492 813 2562 ab
830 2493 888 2562 eis.
912 2492 960 2562 Et
981 2491 1199 2562 adduxerunt
1220 2490 1338 2562 Jesunr

169 2587 256 2726 ptus
289 2588 357 2665 est,
391 2600 469 2649 caro
492 2600 574 2649 vero
597 2578 742 2648 infirma.
772 2579 815 2650 ad
844 2601 1008 2649 sunnnurn
1037 2579 1272 2651 sacerdotem:
1305 2584 1338 2649 et

191 2696 196 2714 ν
234 2667 281 2736 Et
315 2668 439 2736 iterunr
473 2667 589 2738 abiens
622 2667 743 2753 oravit,
771 2668 1001 2739 convenerunt
1030 2687 1146 2738 omnes
1181 2665 1335 2738 saeerdd·

176 2754 329 2824 edrndern
344 2755 532 2824 serrndnern
549 2755 672 2825 dicens.
696 2755 744 2825 Et
771 2762 840 2844 teS,
875 2762 910 2826 et
937 2755 1079 2842 Scribas,
1115 2764 1149 2825 et
1164 2755 1335 2826 senidres

176 2845 350 2924 reuersus,
385 2842 495 2912 denuo
526 2843 656 2912 invenit
686 2863 743 2911 eos
770 2843 895 2913 Petrus
924 2850 1035 2914 autern
1065 2843 1215 2934 alonge
1245 2845 1333 2914 seci-

176 2931 381 3000 dorrnientes
411 2937 522 3014 (erant
544 2932 632 3000 enirn
655 2929 743 3000 deuii
771 2937 826 3000 tus
860 2939 913 3001 est
944 2951 1019 3000 eum
1048 2951 1156 3020 nsque
1187 2929 1333 3001 introin

176 3020 291 3087 eorunr
313 3019 459 3106 grau'tti)
484 3024 519 3087 et
541 3019 743 3106 ignoribant
771 3020 895 3088 atrium
919 3018 1039 3088 sunnni
1071 3017 1275 3089 sacerdotis:
1306 3023 1333 3087 et

176 3106 257 3194 quid
279 3106 525 3196 responderent
549 3107 590 3175 ei.
619 3106 667 3176 Et
684 3125 742 3174 re·
771 3105 912 3176 sedebat
934 3127 1009 3175 curn
1033 3107 1199 3176 ministris
1221 3104 1266 3176 ad
1288 3105 1332 3194 ig·

175 3195 226 3262 nit
248 3194 361 3280 tertio,
386 3200 420 3262 et
443 3194 491 3262 uit
510 3188 625 3264 illisi
655 3194 743 3263 Dor·
769 3215 856 3279 nem,
881 3200 916 3263 et
937 3192 1156 3265 calefaciebat
1172 3214 1219 3264 se.
1243 3192 1333 3264 Sun-

176 3284 257 3349 rnite
268 3282 350 3369 jani,
372 3289 407 3349 et
423 3282 635 3369 requiescite.
665 3279 742 3350 Siri-
769 3282 814 3350 rui
837 3303 919 3352 vero
943 3281 1153 3370 sacerddtes‚
1187 3287 1222 3351 et
1243 3299 1334 3352 omne

174 3367 261 3437 lieit:
295 3368 389 3437 verrit
411 3369 511 3438 hora:
536 3389 613 3438 eece
636 3367 742 3439 Filius
771 3370 962 3456 concilium,
992 3369 1191 3458 quaerebant
1218 3367 1334 3440 adver·

176 3454 319 3524 honrinis
359 3456 515 3525 tradetur
553 3457 586 3526 in
624 3477 743 3526 uranus
771 3456 1333 3545 susJesunrtestirnduium,uteunr

176 3544 401 3630 peu-catorum.
437 3543 584 3631 Stirpite,
609 3546 740 3613 eamus:
770 3545 870 3614 rnorti
893 3544 1078 3629 irriderent,
1102 3564 1164 3614 nec
1186 3543 1333 3614 inveniri·

176 3652 253 3700 eeee
286 3631 342 3719 qui
381 3653 434 3700 nre
466 3631 600 3713 tradet,
634 3653 742 3720 prope
770 3633 860 3702 bant.
917 3633 1020 3704 Multi
1058 3633 1145 3702 enirn
1185 3631 1334 3702 testimd·

176 3726 237 3787 est.
254 3708 279 3771 (⁸
311 3719 366 3800 Et,
390 3718 499 3788 adhue
518 3740 557 3788 eo
573 3719 741 3808 loquente,
770 3720 862 3788 nlurn
890 3719 1010 3789 ialsurn
1034 3719 1194 3790 dicebant
1217 3719 1335 3790 adver·

177 3807 267 3875 verrit
299 3805 407 3875 lullus
442 3806 623 3876 lsezrriotes
657 3828 742 3876 rinus
770 3829 827 3876 sus
873 3828 970 3876 eurn:
1018 3814 1052 3877 et
1100 3805 1338 3878 convenientia

176 3895 218 3963 de
235 3893 421 3978 ‹lrnideeirn
446 3902 480 3961 et
495 3915 569 3963 eurn
587 3915 626 3964 eo
642 3896 743 3965 turba
770 3895 964 3964 lestirndnia
986 3917 1052 3965 non
1069 3901 1177 3965 erant.
1201 3895 1251 3966 El
1266 3893 1337 3984 qui-

176 3981 282 4050 rnulto
305 4002 379 4049 (nnn
405 3981 540 4068 glai-diis,
571 3987 607 4050 et
633 3982 742 4070 lignis,
771 3983 846 4051 darn
873 3984 1068 4071 surgentes,
1096 3981 1219 4053 falsum
1242 3981 1339 4052 testi·

176 4091 194 4161 a
235 4069 373 4137 sururnis
412 4069 665 4150 sacerdotibus,
709 4077 742 4139 et
771 4070 918 4139 nrdniunr
968 4069 1124 4152 ferebant
1174 4069 1339 4141 adversus

177 4157 312 4230 Selilais.
336 4164 370 4225 et
393 4157 589 4226 senioribus.
630 4157 742 4227 Dede·
772 4151 1074 4245 uindicenteszd
1100 4157 1340 4244 orioniannos

176 4251 230 4311 rat
244 4254 354 4312 arrienr
369 4245 514 4314 truiditor
526 4245 598 4332 ejus
611 4246 743 4330 siununr
771 4245 959 4315 audivimus
971 4266 1048 4314 eurn
1060 4244 1246 4315 dicentem:
1265 4245 1341 4334 Ego

177 4331 243 4417 eis,
275 4331 405 4401 dicens:
431 4325 453 4386 S
491 4333 742 4433 (pereurreirnrque
771 4332 950 4403 dissdluarn
985 4332 1148 4421 templunr
1176 4331 1243 4403 lroe
1270 4353 1342 4404 rua·

176 4419 346 4487 oseulatus
369 4419 482 4500 suero,
506 4442 578 4507 rpse
601 4429 667 4507 est,
692 4426 742 4520 te!—
770 4420 953 4496 rrnl'aieturn,
966 4427 1001 4490 et
1012 4441 1075 4510 per
1088 4419 1240 4490 triduum
1249 4419 1343 4490 alind

176 4509 253 4575 nite
277 4528 362 4578 eurn.
388 4513 420 4575 et
445 4506 557 4576 ‹loene
579 4516 687 4578 caute.
708 4497 734 4562 (2
771 4531 836 4578 non
857 4508 1085 4579 nranul'itotum
1102 4505 1293 4578 aedificabo.
1310 4501 1337 4570 U

181 4594 221 4662 lit
243 4615 317 4662 eunr
334 4597 493 4668 venisset.
517 4598 632 4674 stat-ini
648 4598 743 4665 aoei—
770 4596 818 4664 Et
832 4617 899 4665 non
923 4603 997 4666 erat
1019 4595 1223 4666 conveniens
1246 4595 1346 4666 testi·

165 4680 252 4749 dens
285 4681 332 4753 ad
367 4704 463 4776 euni,
498 4673 616 4756 uit:s
659 4683 919 4774 Apollonium
956 4684 1100 4754 illorum.
1152 4681 1204 4754 Et
1243 4688 1348 4758 exirr·
